<record><leader>02865cas a2200649 a 4500</leader><controlfield tag="001">000541248</controlfield><controlfield tag="003">MiAaHDL</controlfield><controlfield tag="005">20150330000000.0</controlfield><controlfield tag="006">m        d        </controlfield><controlfield tag="007">cr bn ---auaua</controlfield><controlfield tag="008">750817d18801914nyuwr p       0   a0eng c</controlfield><datafield tag="010" ind1=" " ind2=" "><subfield code="a">   07007329</subfield></datafield><datafield tag="019" ind1=" " ind2=" "><subfield code="a">1185810</subfield></datafield><datafield tag="022" ind1="0" ind2=" "><subfield code="a">2157-5207</subfield><subfield code="2">1</subfield></datafield><datafield tag="035" ind1=" " ind2=" "><subfield code="a">sdr-nrlf.b171229228</subfield></datafield><datafield tag="035" ind1=" " ind2=" "><subfield code="a">sdr-wu765739</subfield></datafield><datafield tag="035" ind1=" " ind2=" "><subfield code="a">sdr-umn9946753410001701</subfield></datafield><datafield tag="035" ind1=" " ind2=" "><subfield code="a">sdr-uiowa002949230</subfield></datafield><datafield tag="035" ind1=" " ind2=" "><subfield code="a">sdr-msu.b2210964x</subfield></datafield><datafield tag="035" ind1=" " ind2=" "><subfield code="a">sdr-srlf3799672</subfield></datafield><datafield tag="035" ind1=" " ind2=" "><subfield code="a">sdr-osu.b33295670</subfield></datafield><datafield tag="035" ind1=" " ind2=" "><subfield code="a">sdr-umn002147124</subfield></datafield><datafield tag="035" ind1=" " ind2=" "><subfield code="a">sdr-chi1710545</subfield></datafield><datafield tag="035" ind1=" " ind2=" "><subfield code="a">sdr-uiuc3752343</subfield></datafield><datafield tag="035" ind1=" " ind2=" "><subfield code="a">sdr-coo382725</subfield></datafield><datafield tag="035" ind1=" " ind2=" "><subfield code="a">sdr-hvd001869617</subfield></datafield><datafield tag="035" ind1=" " ind2=" "><subfield code="a">sdr-miu.990005412480106381</subfield></datafield><datafield tag="035" ind1=" " ind2=" "><subfield code="a">GLADN151920072</subfield></datafield><datafield tag="035" ind1=" " ind2=" "><subfield code="a">(CMHE)b15099672</subfield></datafield><datafield tag="040" ind1=" " ind2=" "><subfield code="a">MUL</subfield><subfield code="b">eng</subfield><subfield code="c">MUL</subfield><subfield code="d">COO</subfield><subfield code="d">NYG</subfield><subfield code="d">OCL</subfield><subfield code="d">DLC</subfield><subfield code="d">NST</subfield><subfield code="d">INU</subfield><subfield code="d">GUA</subfield><subfield code="d">DLC</subfield><subfield code="d">OCLCQ</subfield></datafield><datafield tag="042" ind1=" " ind2=" "><subfield code="a">pcc</subfield><subfield code="a">nsdp</subfield></datafield><datafield tag="050" ind1="0" ind2="0"><subfield code="a">AP2</subfield><subfield code="b">.C48</subfield></datafield><datafield tag="082" ind1="0" ind2="4"><subfield code="a">051</subfield><subfield code="b">qC499</subfield></datafield><datafield tag="082" ind1="1" ind2="0"><subfield code="a">051</subfield><subfield code="2">14</subfield></datafield><datafield tag="035" ind1=" " ind2=" "><subfield code="a">(OCoLC)1553932</subfield></datafield><datafield tag="035" ind1=" " ind2=" "><subfield code="a">(OCoLC)4364443</subfield></datafield><datafield tag="130" ind1="0" ind2=" "><subfield code="a">Chautauquan (Jamestown, N.Y.)</subfield></datafield><datafield tag="222" ind1=" " ind2="4"><subfield code="a">The Chautauquan</subfield><subfield code="b">(Jamestown, N.Y.)</subfield></datafield><datafield tag="245" ind1="1" ind2="4"><subfield code="a">The Chautauquan :</subfield><subfield code="b">organ of the Chautauqua Literary and Scientific Circle.</subfield></datafield><datafield tag="246" ind1="1" ind2="4"><subfield code="a">Chautauquan magazine</subfield><subfield code="f">Oct. 1901-Sept. 1902</subfield></datafield><datafield tag="260" ind1=" " ind2=" "><subfield code="a">Jamestown, N.Y. :</subfield><subfield code="b">M. Bailey,</subfield><subfield code="c">1880-1914.</subfield></datafield><datafield tag="300" ind1=" " ind2=" "><subfield code="a">72 v. :</subfield><subfield code="b">ill. ;</subfield><subfield code="c">20-33 cm.</subfield></datafield><datafield tag="310" ind1=" " ind2=" "><subfield code="a">Weekly,</subfield><subfield code="b">June 1913-May 1914</subfield></datafield><datafield tag="321" ind1=" " ind2=" "><subfield code="a">Monthly,</subfield><subfield code="b">1890-May 1913</subfield></datafield><datafield tag="321" ind1=" " ind2=" "><subfield code="a">Monthly (except Aug. and Sept.),</subfield><subfield code="b">1880-1889</subfield></datafield><datafield tag="362" ind1="0" ind2=" "><subfield code="a">Vol. 1, no. 1 (Oct. 1880)-v. 72, no. 38 (May 23, 1914).</subfield></datafield><datafield tag="500" ind1=" " ind2=" "><subfield code="a">"A weekly newsmagazine."</subfield></datafield><datafield tag="500" ind1=" " ind2=" "><subfield code="a">Imprint varies.</subfield></datafield><datafield tag="515" ind1=" " ind2=" "><subfield code="a">Vols. 10-29 called also new ser., v. 1-20.</subfield></datafield><datafield tag="515" ind1=" " ind2=" "><subfield code="a">Includes a preliminary number, issued in Sept. 1880.</subfield></datafield><datafield tag="530" ind1=" " ind2=" "><subfield code="a">Available on microfilm from University Microfilms; also available online.</subfield></datafield><datafield tag="538" ind1=" " ind2=" "><subfield code="a">Mode of access: Internet.</subfield></datafield><datafield tag="550" ind1=" " ind2=" "><subfield code="a">Official publication of the Chautauqua Institution, 1880-1914; organ of the Chautauqua Literary and Scientific Circle, 1880-July 1889.</subfield></datafield><datafield tag="610" ind1="2" ind2="0"><subfield code="a">Chautauqua Institution</subfield><subfield code="v">Periodicals.</subfield></datafield><datafield tag="610" ind1="2" ind2="0"><subfield code="a">Chautauqua Literary and Scientific Circle</subfield><subfield code="v">Periodicals.</subfield></datafield><datafield tag="710" ind1="2" ind2=" "><subfield code="a">Chautauqua Institution.</subfield></datafield><datafield tag="710" ind1="2" ind2=" "><subfield code="a">Chautauqua Literary and Scientific Circle.</subfield></datafield><datafield tag="776" ind1="0" ind2="8"><subfield code="i">Online version:</subfield><subfield code="t">Chautauquan (Jamestown, N.Y.)</subfield><subfield code="w">(OCoLC)797980258</subfield></datafield><datafield tag="776" ind1="1" ind2=" "><subfield code="t">Chautauquan (Jamestown, N.Y.)</subfield><subfield code="w">(OCoLC)563852492</subfield></datafield><datafield tag="776" ind1="1" ind2=" "><subfield code="t">Chautauquan (Jamestown, N.Y. : Online)</subfield><subfield code="w">(DLC)  2008266628</subfield><subfield code="w">(OCoLC)56586870</subfield></datafield><datafield tag="776" ind1="1" ind2=" "><subfield code="c">Microfilm</subfield><subfield code="d">Northwestern University Library</subfield><subfield code="w">(DLC)  2007257146</subfield><subfield code="w">(OCoLC)166509817</subfield></datafield><datafield tag="776" ind1="1" ind2=" "><subfield code="c">Microfilm</subfield><subfield code="d">University Microfilms</subfield><subfield code="w">(DLC)sf 89092860</subfield><subfield code="w">(OCoLC)4364443</subfield></datafield><datafield tag="780" ind1="0" ind2="5"><subfield code="t">Independent (New York, N.Y. : 1848)</subfield><subfield code="g">June 1914</subfield><subfield code="w">(DLC)sf 85001147</subfield><subfield code="w">(OCoLC)6139021</subfield></datafield><datafield tag="CID" ind1=" " ind2=" "><subfield code="a">000541248</subfield></datafield><datafield tag="DAT" ind1="0" ind2=" "><subfield code="a">19150318000000.0</subfield><subfield code="b">20150330000000.0</subfield></datafield><datafield tag="DAT" ind1="1" ind2=" "><subfield code="a">20150513124028.0</subfield><subfield code="b">2019-12-20T19:26:08Z</subfield></datafield><datafield tag="DAT" ind1="2" ind2=" "><subfield code="a">2019-12-20T19:00:02Z</subfield></datafield><datafield tag="CAT" ind1=" " ind2=" "><subfield code="a">SDR-NRLF</subfield><subfield code="d">III - MILLENIUM</subfield><subfield code="l">loader.pl-003-020</subfield></datafield><datafield tag="FMT" ind1=" " ind2=" "><subfield code="a">SE</subfield></datafield><datafield tag="HOL" ind1=" " ind2=" "><subfield code="0">sdr-nrlf.b171229228</subfield><subfield code="a">uc1</subfield><subfield code="b">SDR</subfield><subfield code="c">NRLF</subfield><subfield code="p">uc1.b4705259</subfield><subfield code="s">UC</subfield><subfield code="z">v.30 (1899-1900)</subfield><subfield code="1">.b171229228</subfield></datafield><datafield tag="974" ind1=" " ind2=" "><subfield code="b">UC</subfield><subfield code="c">NRLF</subfield><subfield code="d">20191220</subfield><subfield code="s">google</subfield><subfield code="u">uc1.b4705259</subfield><subfield code="z">v.30 (1899-1900)</subfield><subfield code="y">1900</subfield><subfield code="r">pd</subfield><subfield code="q">bib</subfield><subfield code="t">US serial item date &lt; 1927</subfield></datafield><datafield tag="974" ind1=" " ind2=" "><subfield code="b">WU</subfield><subfield code="c">WU</subfield><subfield code="d">20200225</subfield><subfield code="s">google</subfield><subfield code="u">wu.89063082598</subfield><subfield code="z">v.29-v.30 no.1 1899</subfield><subfield code="y">1899</subfield><subfield code="r">pd</subfield><subfield code="q">bib</subfield><subfield code="t">US serial item date &lt; 1927</subfield></datafield><datafield tag="974" ind1=" " ind2=" "><subfield code="b">WU</subfield><subfield code="c">WU</subfield><subfield code="d">20200225</subfield><subfield code="s">google</subfield><subfield code="u">wu.89063082580</subfield><subfield code="z">v.28 1898-1899</subfield><subfield code="y">1899</subfield><subfield code="r">pd</subfield><subfield code="q">bib</subfield><subfield code="t">US serial item date &lt; 1927</subfield></datafield><datafield tag="974" ind1=" " ind2=" "><subfield code="b">UMN</subfield><subfield code="c">UMN</subfield><subfield code="d">20190209</subfield><subfield code="s">google</subfield><subfield code="u">umn.319510018917834</subfield><subfield code="z">v.20 (1894/95)</subfield><subfield code="y">1895</subfield><subfield code="r">pd</subfield><subfield code="q">bib</subfield><subfield code="t">US serial item date &lt; 1927</subfield></datafield><datafield tag="974" ind1=" " ind2=" "><subfield code="b">UMN</subfield><subfield code="c">UMN</subfield><subfield code="d">20190209</subfield><subfield code="s">google</subfield><subfield code="u">umn.319510018917818</subfield><subfield code="z">v.18 (1893/94)</subfield><subfield code="y">1894</subfield><subfield code="r">pd</subfield><subfield code="q">bib</subfield><subfield code="t">US serial item date &lt; 1927</subfield></datafield><datafield tag="974" ind1=" " ind2=" "><subfield code="b">UMN</subfield><subfield code="c">UMN</subfield><subfield code="d">20190209</subfield><subfield code="s">google</subfield><subfield code="u">umn.319510018917850</subfield><subfield code="z">v.22 (1895/96)</subfield><subfield code="y">1896</subfield><subfield code="r">pd</subfield><subfield code="q">bib</subfield><subfield code="t">US serial item date &lt; 1927</subfield></datafield><datafield tag="974" ind1=" " ind2=" "><subfield code="b">UMN</subfield><subfield code="c">UMN</subfield><subfield code="d">20190209</subfield><subfield code="s">google</subfield><subfield code="u">umn.319510018917907</subfield><subfield code="z">v.27 (1898)</subfield><subfield code="y">1898</subfield><subfield code="r">pd</subfield><subfield code="q">bib</subfield><subfield code="t">US serial item date &lt; 1927</subfield></datafield><datafield tag="974" ind1=" " ind2=" "><subfield code="b">UMN</subfield><subfield code="c">UMN</subfield><subfield code="d">20190209</subfield><subfield code="s">google</subfield><subfield code="u">umn.319510018917737</subfield><subfield code="z">v.10 (1889/90)</subfield><subfield code="y">1890</subfield><subfield code="r">pd</subfield><subfield code="q">bib</subfield><subfield code="t">US serial item date &lt; 1927</subfield></datafield><datafield tag="974" ind1=" " ind2=" "><subfield code="b">UMN</subfield><subfield code="c">UMN</subfield><subfield code="d">20190209</subfield><subfield code="s">google</subfield><subfield code="u">umn.319510018917842</subfield><subfield code="z">v.21 (1895)</subfield><subfield code="y">1895</subfield><subfield code="r">pd</subfield><subfield code="q">bib</subfield><subfield code="t">US serial item date &lt; 1927</subfield></datafield><datafield tag="974" ind1=" " ind2=" "><subfield code="b">UMN</subfield><subfield code="c">UMN</subfield><subfield code="d">20190209</subfield><subfield code="s">google</subfield><subfield code="u">umn.319510018917680</subfield><subfield code="z">v.5 (1884/85)</subfield><subfield code="y">1885</subfield><subfield code="r">pd</subfield><subfield code="q">bib</subfield><subfield code="t">US serial item date &lt; 1927</subfield></datafield><datafield tag="974" ind1=" " ind2=" "><subfield code="b">UMN</subfield><subfield code="c">UMN</subfield><subfield code="d">20190211</subfield><subfield code="s">google</subfield><subfield code="u">umn.31951001891787w</subfield><subfield code="z">v.24 (1896/97)</subfield><subfield code="y">1897</subfield><subfield code="r">pd</subfield><subfield code="q">bib</subfield><subfield code="t">US serial item date &lt; 1927</subfield></datafield><datafield tag="974" ind1=" " ind2=" "><subfield code="b">UMN</subfield><subfield code="c">UMN</subfield><subfield code="d">20190211</subfield><subfield code="s">google</subfield><subfield code="u">umn.31951001891779v</subfield><subfield code="z">v.16 (1892/93)</subfield><subfield code="y">1893</subfield><subfield code="r">pd</subfield><subfield code="q">bib</subfield><subfield code="t">US serial item date &lt; 1927</subfield></datafield><datafield tag="974" ind1=" " ind2=" "><subfield code="b">UMN</subfield><subfield code="c">UMN</subfield><subfield code="d">20190211</subfield><subfield code="s">google</subfield><subfield code="u">umn.31951001891818b</subfield><subfield code="z">v.65-66 (1911-12)</subfield><subfield code="y">1912</subfield><subfield code="r">pd</subfield><subfield code="q">bib</subfield><subfield code="t">US serial item date &lt; 1927</subfield></datafield><datafield tag="974" ind1=" " ind2=" "><subfield code="b">UMN</subfield><subfield code="c">UMN</subfield><subfield code="d">20190211</subfield><subfield code="s">google</subfield><subfield code="u">umn.31951001891778x</subfield><subfield code="z">v.15 (1892)</subfield><subfield code="y">1892</subfield><subfield code="r">pd</subfield><subfield code="q">bib</subfield><subfield code="t">US serial item date &lt; 1927</subfield></datafield><datafield tag="974" ind1=" " ind2=" "><subfield code="b">UMN</subfield><subfield code="c">UMN</subfield><subfield code="d">20190211</subfield><subfield code="s">google</subfield><subfield code="u">umn.31951001891777z</subfield><subfield code="z">v.14 (1891/92)</subfield><subfield code="y">1892</subfield><subfield code="r">pd</subfield><subfield code="q">bib</subfield><subfield code="t">US serial item date &lt; 1927</subfield></datafield><datafield tag="974" ind1=" " ind2=" "><subfield code="b">UMN</subfield><subfield code="c">UMN</subfield><subfield code="d">20190211</subfield><subfield code="s">google</subfield><subfield code="u">umn.31951001891805k</subfield><subfield code="z">v.42 (1905/06)</subfield><subfield code="y">1906</subfield><subfield code="r">pd</subfield><subfield code="q">bib</subfield><subfield code="t">US serial item date &lt; 1927</subfield></datafield><datafield tag="974" ind1=" " ind2=" "><subfield code="b">UMN</subfield><subfield code="c">UMN</subfield><subfield code="d">20190211</subfield><subfield code="s">google</subfield><subfield code="u">umn.31951001891801s</subfield><subfield code="z">v.38 (1903/04)</subfield><subfield code="y">1904</subfield><subfield code="r">pd</subfield><subfield code="q">bib</subfield><subfield code="t">US serial item date &lt; 1927</subfield></datafield><datafield tag="974" ind1=" " ind2=" "><subfield code="b">UMN</subfield><subfield code="c">UMN</subfield><subfield code="d">20190211</subfield><subfield code="s">google</subfield><subfield code="u">umn.31951001891804m</subfield><subfield code="z">v.41 (1905)</subfield><subfield code="y">1905</subfield><subfield code="r">pd</subfield><subfield code="q">bib</subfield><subfield code="t">US serial item date &lt; 1927</subfield></datafield><datafield tag="974" ind1=" " ind2=" "><subfield code="b">UMN</subfield><subfield code="c">UMN</subfield><subfield code="d">20190211</subfield><subfield code="s">google</subfield><subfield code="u">umn.31951001891799p</subfield><subfield code="z">v.36 (1902/03)</subfield><subfield code="y">1903</subfield><subfield code="r">pd</subfield><subfield code="q">bib</subfield><subfield code="t">US serial item date &lt; 1927</subfield></datafield><datafield tag="974" ind1=" " ind2=" "><subfield code="b">UMN</subfield><subfield code="c">UMN</subfield><subfield code="d">20190211</subfield><subfield code="s">google</subfield><subfield code="u">umn.31951001891816f</subfield><subfield code="z">v.61-62 (1910-11)</subfield><subfield code="y">1911</subfield><subfield code="r">pd</subfield><subfield code="q">bib</subfield><subfield code="t">US serial item date &lt; 1927</subfield></datafield><datafield tag="974" ind1=" " ind2=" "><subfield code="b">UMN</subfield><subfield code="c">UMN</subfield><subfield code="d">20190211</subfield><subfield code="s">google</subfield><subfield code="u">umn.31951001891810r</subfield><subfield code="z">v.49-50 (1907-08)</subfield><subfield code="y">1908</subfield><subfield code="r">pd</subfield><subfield code="q">bib</subfield><subfield code="t">US serial item date &lt; 1927</subfield></datafield><datafield tag="974" ind1=" " ind2=" "><subfield code="b">UMN</subfield><subfield code="c">UMN</subfield><subfield code="d">20190211</subfield><subfield code="s">google</subfield><subfield code="u">umn.31951001891806i</subfield><subfield code="z">v.43 (1906)</subfield><subfield code="y">1906</subfield><subfield code="r">pd</subfield><subfield code="q">bib</subfield><subfield code="t">US serial item date &lt; 1927</subfield></datafield><datafield tag="974" ind1=" " ind2=" "><subfield code="b">UMN</subfield><subfield code="c">UMN</subfield><subfield code="d">20190211</subfield><subfield code="s">google</subfield><subfield code="u">umn.31951001891814j</subfield><subfield code="z">v.57-58 (1909-10)</subfield><subfield code="y">1910</subfield><subfield code="r">pd</subfield><subfield code="q">bib</subfield><subfield code="t">US serial item date &lt; 1927</subfield></datafield><datafield tag="974" ind1=" " ind2=" "><subfield code="b">UMN</subfield><subfield code="c">UMN</subfield><subfield code="d">20190211</subfield><subfield code="s">google</subfield><subfield code="u">umn.31951001891769y</subfield><subfield code="z">v.6 (1885/86)</subfield><subfield code="y">1886</subfield><subfield code="r">pd</subfield><subfield code="q">bib</subfield><subfield code="t">US serial item date &lt; 1927</subfield></datafield><datafield tag="974" ind1=" " ind2=" "><subfield code="b">UMN</subfield><subfield code="c">UMN</subfield><subfield code="d">20190211</subfield><subfield code="s">google</subfield><subfield code="u">umn.31951001891812n</subfield><subfield code="z">v.53-54 (1908-09)</subfield><subfield code="y">1909</subfield><subfield code="r">pd</subfield><subfield code="q">bib</subfield><subfield code="t">US serial item date &lt; 1927</subfield></datafield><datafield tag="974" ind1=" " ind2=" "><subfield code="b">IAU</subfield><subfield code="c">IAU</subfield><subfield code="d">20190403</subfield><subfield code="s">google</subfield><subfield code="u">iau.31858055201671</subfield><subfield code="z">v.30 Oct.-March 1899/1900</subfield><subfield code="y">1900</subfield><subfield code="r">pd</subfield><subfield code="q">bib</subfield><subfield code="t">US serial item date &lt; 1927</subfield></datafield><datafield tag="974" ind1=" " ind2=" "><subfield code="b">IAU</subfield><subfield code="c">IAU</subfield><subfield code="d">20190403</subfield><subfield code="s">google</subfield><subfield code="u">iau.31858055201721</subfield><subfield code="z">v.39 March-Aug. 1904</subfield><subfield code="y">1904</subfield><subfield code="r">pd</subfield><subfield code="q">bib</subfield><subfield code="t">US serial item date &lt; 1927</subfield></datafield><datafield tag="974" ind1=" " ind2=" "><subfield code="b">IAU</subfield><subfield code="c">IAU</subfield><subfield code="d">20190403</subfield><subfield code="s">google</subfield><subfield code="u">iau.31858055201739</subfield><subfield code="z">v.40 Sept.-Feb. 1904/05</subfield><subfield code="y">1905</subfield><subfield code="r">pd</subfield><subfield code="q">bib</subfield><subfield code="t">US serial item date &lt; 1927</subfield></datafield><datafield tag="974" ind1=" " ind2=" "><subfield code="b">IAU</subfield><subfield code="c">IAU</subfield><subfield code="d">20190403</subfield><subfield code="s">google</subfield><subfield code="u">iau.31858055201754</subfield><subfield code="z">v.42 Sept.-Feb. 1905/06</subfield><subfield code="y">1906</subfield><subfield code="r">pd</subfield><subfield code="q">bib</subfield><subfield code="t">US serial item date &lt; 1927</subfield></datafield><datafield tag="974" ind1=" " ind2=" "><subfield code="b">IAU</subfield><subfield code="c">IAU</subfield><subfield code="d">20190409</subfield><subfield code="s">google</subfield><subfield code="u">iau.31858055201770</subfield><subfield code="z">v.44-45 Sept.-Feb. 1906/07</subfield><subfield code="y">1907</subfield><subfield code="r">pd</subfield><subfield code="q">bib</subfield><subfield code="t">US serial item date &lt; 1927</subfield></datafield><datafield tag="974" ind1=" " ind2=" "><subfield code="b">IAU</subfield><subfield code="c">IAU</subfield><subfield code="d">20190409</subfield><subfield code="s">google</subfield><subfield code="u">iau.31858055201788</subfield><subfield code="z">v.46-47 March-Aug. 1907</subfield><subfield code="y">1907</subfield><subfield code="r">pd</subfield><subfield code="q">bib</subfield><subfield code="t">US serial item date &lt; 1927</subfield></datafield><datafield tag="974" ind1=" " ind2=" "><subfield code="b">IAU</subfield><subfield code="c">IAU</subfield><subfield code="d">20190409</subfield><subfield code="s">google</subfield><subfield code="u">iau.31858055201804</subfield><subfield code="z">v.48-49 Sept.-Feb. 1907/08</subfield><subfield code="y">1908</subfield><subfield code="r">pd</subfield><subfield code="q">bib</subfield><subfield code="t">US serial item date &lt; 1927</subfield></datafield><datafield tag="974" ind1=" " ind2=" "><subfield code="b">IAU</subfield><subfield code="c">IAU</subfield><subfield code="d">20190409</subfield><subfield code="s">google</subfield><subfield code="u">iau.31858055201812</subfield><subfield code="z">v.50 March-May 1908</subfield><subfield code="y">1908</subfield><subfield code="r">pd</subfield><subfield code="q">bib</subfield><subfield code="t">US serial item date &lt; 1927</subfield></datafield><datafield tag="974" ind1=" " ind2=" "><subfield code="b">IAU</subfield><subfield code="c">IAU</subfield><subfield code="d">20190409</subfield><subfield code="s">google</subfield><subfield code="u">iau.31858055201820</subfield><subfield code="z">v.51 June-Aug. 1908</subfield><subfield code="y">1908</subfield><subfield code="r">pd</subfield><subfield code="q">bib</subfield><subfield code="t">US serial item date &lt; 1927</subfield></datafield><datafield tag="974" ind1=" " ind2=" "><subfield code="b">IAU</subfield><subfield code="c">IAU</subfield><subfield code="d">20190409</subfield><subfield code="s">google</subfield><subfield code="u">iau.31858055201846</subfield><subfield code="z">v.56-57 Sept.-Feb. 1909/10</subfield><subfield code="y">1910</subfield><subfield code="r">pd</subfield><subfield code="q">bib</subfield><subfield code="t">US serial item date &lt; 1927</subfield></datafield><datafield tag="974" ind1=" " ind2=" "><subfield code="b">IAU</subfield><subfield code="c">IAU</subfield><subfield code="d">20190409</subfield><subfield code="s">google</subfield><subfield code="u">iau.31858055201853</subfield><subfield code="z">v.60-61 Sept.-Feb. 1910/11</subfield><subfield code="y">1911</subfield><subfield code="r">pd</subfield><subfield code="q">bib</subfield><subfield code="t">US serial item date &lt; 1927</subfield></datafield><datafield tag="974" ind1=" " ind2=" "><subfield code="b">IAU</subfield><subfield code="c">IAU</subfield><subfield code="d">20190409</subfield><subfield code="s">google</subfield><subfield code="u">iau.31858055201861</subfield><subfield code="z">v.62-63 March-Aug. 1911</subfield><subfield code="y">1911</subfield><subfield code="r">pd</subfield><subfield code="q">bib</subfield><subfield code="t">US serial item date &lt; 1927</subfield></datafield><datafield tag="974" ind1=" " ind2=" "><subfield code="b">IAU</subfield><subfield code="c">IAU</subfield><subfield code="d">20190409</subfield><subfield code="s">google</subfield><subfield code="u">iau.31858055201879</subfield><subfield code="z">v.64-65 Sept.-Feb. 1911/12</subfield><subfield code="y">1912</subfield><subfield code="r">pd</subfield><subfield code="q">bib</subfield><subfield code="t">US serial item date &lt; 1927</subfield></datafield><datafield tag="974" ind1=" " ind2=" "><subfield code="b">IAU</subfield><subfield code="c">IAU</subfield><subfield code="d">20190409</subfield><subfield code="s">google</subfield><subfield code="u">iau.31858055201887</subfield><subfield code="z">v.66-67 March-Aug. 1912</subfield><subfield code="y">1912</subfield><subfield code="r">pd</subfield><subfield code="q">bib</subfield><subfield code="t">US serial item date &lt; 1927</subfield></datafield><datafield tag="974" ind1=" " ind2=" "><subfield code="b">IAU</subfield><subfield code="c">IAU</subfield><subfield code="d">20190409</subfield><subfield code="s">google</subfield><subfield code="u">iau.31858055201895</subfield><subfield code="z">v.68-69 Sept.-Feb. 1912/13</subfield><subfield code="y">1913</subfield><subfield code="r">pd</subfield><subfield code="q">bib</subfield><subfield code="t">US serial item date &lt; 1927</subfield></datafield><datafield tag="974" ind1=" " ind2=" "><subfield code="b">MIEM</subfield><subfield code="c">MSU</subfield><subfield code="d">20190512</subfield><subfield code="s">google</subfield><subfield code="u">msu.31293104160449</subfield><subfield code="z">v.71 1913</subfield><subfield code="y">1913</subfield><subfield code="r">pd</subfield><subfield code="q">bib</subfield><subfield code="t">US serial item date &lt; 1927</subfield></datafield><datafield tag="974" ind1=" " ind2=" "><subfield code="b">MIEM</subfield><subfield code="c">MSU</subfield><subfield code="d">20190518</subfield><subfield code="s">google</subfield><subfield code="u">msu.31293005804889</subfield><subfield code="z">v. 44-45 1906-1907</subfield><subfield code="y">1907</subfield><subfield code="r">pd</subfield><subfield code="q">bib</subfield><subfield code="t">US serial item date &lt; 1927</subfield></datafield><datafield tag="974" ind1=" " ind2=" "><subfield code="b">MIEM</subfield><subfield code="c">MSU</subfield><subfield code="d">20190512</subfield><subfield code="s">google</subfield><subfield code="u">msu.31293104160423</subfield><subfield code="z">v. 46-47 1907</subfield><subfield code="y">1907</subfield><subfield code="r">pd</subfield><subfield code="q">bib</subfield><subfield code="t">US serial item date &lt; 1927</subfield></datafield><datafield tag="974" ind1=" " ind2=" "><subfield code="b">MIEM</subfield><subfield code="c">MSU</subfield><subfield code="d">20190503</subfield><subfield code="s">google</subfield><subfield code="u">msu.31293107972667</subfield><subfield code="z">v.67</subfield><subfield code="y">1914</subfield><subfield code="r">pd</subfield><subfield code="q">bib</subfield><subfield code="t">US bib date2 &lt; 1927</subfield></datafield><datafield tag="974" ind1=" " ind2=" "><subfield code="b">UC</subfield><subfield code="c">SRLF</subfield><subfield code="d">20190626</subfield><subfield code="s">google</subfield><subfield code="u">uc1.d0001428408</subfield><subfield code="z">v.003-4 yr.1882-84</subfield><subfield code="y">1884</subfield><subfield code="r">pd</subfield><subfield code="q">bib</subfield><subfield code="t">US serial item date &lt; 1927</subfield></datafield><datafield tag="974" ind1=" " ind2=" "><subfield code="b">UC</subfield><subfield code="c">SRLF</subfield><subfield code="d">20190710</subfield><subfield code="s">google</subfield><subfield code="u">uc1.d0001428572</subfield><subfield code="z">v.009 no.4 yr.1889</subfield><subfield code="y">1889</subfield><subfield code="r">pd</subfield><subfield code="q">bib</subfield><subfield code="t">US serial item date &lt; 1927</subfield></datafield><datafield tag="974" ind1=" " ind2=" "><subfield code="b">UC</subfield><subfield code="c">SRLF</subfield><subfield code="d">20190710</subfield><subfield code="s">google</subfield><subfield code="u">uc1.d0001428580</subfield><subfield code="z">v.009 no.6-8 yr.1889</subfield><subfield code="y">1889</subfield><subfield code="r">pd</subfield><subfield code="q">bib</subfield><subfield code="t">US serial item date &lt; 1927</subfield></datafield><datafield tag="974" ind1=" " ind2=" "><subfield code="b">UC</subfield><subfield code="c">SRLF</subfield><subfield code="d">20190710</subfield><subfield code="s">google</subfield><subfield code="u">uc1.d0001428598</subfield><subfield code="z">v.009 no.10 yr.1889</subfield><subfield code="y">1889</subfield><subfield code="r">pd</subfield><subfield code="q">bib</subfield><subfield code="t">US serial item date &lt; 1927</subfield></datafield><datafield tag="974" ind1=" " ind2=" "><subfield code="b">UC</subfield><subfield code="c">SRLF</subfield><subfield code="d">20201006</subfield><subfield code="s">google</subfield><subfield code="u">uc1.d0001428549</subfield><subfield code="z">v.005 yr.1884-85</subfield><subfield code="y">1885</subfield><subfield code="r">pd</subfield><subfield code="q">bib</subfield><subfield code="t">US serial item date &lt; 1927</subfield></datafield><datafield tag="974" ind1=" " ind2=" "><subfield code="b">OU</subfield><subfield code="c">OSU</subfield><subfield code="d">20210730</subfield><subfield code="s">google</subfield><subfield code="u">osu.32435020589263</subfield><subfield code="z">V58 1910</subfield><subfield code="y">1910</subfield><subfield code="r">pd</subfield><subfield code="q">bib</subfield><subfield code="t">US serial item date &lt; 1927</subfield></datafield><datafield tag="974" ind1=" " ind2=" "><subfield code="b">OU</subfield><subfield code="c">OSU</subfield><subfield code="d">20210730</subfield><subfield code="s">google</subfield><subfield code="u">osu.32435020589255</subfield><subfield code="z">V59 1910</subfield><subfield code="y">1910</subfield><subfield code="r">pd</subfield><subfield code="q">bib</subfield><subfield code="t">US serial item date &lt; 1927</subfield></datafield><datafield tag="974" ind1=" " ind2=" "><subfield code="b">UMN</subfield><subfield code="c">UMN</subfield><subfield code="d">20220420</subfield><subfield code="s">google</subfield><subfield code="u">umn.31951001891821m</subfield><subfield code="z">v.71-72 (1913-14)</subfield><subfield code="y">1914</subfield><subfield code="r">pd</subfield><subfield code="q">bib</subfield><subfield code="t">US serial item date &lt; 1927</subfield></datafield><datafield tag="974" ind1=" " ind2=" "><subfield code="b">UMN</subfield><subfield code="c">UMN</subfield><subfield code="d">20201127</subfield><subfield code="s">google</subfield><subfield code="u">umn.319510018917656</subfield><subfield code="z">v.1-2 (1880-82)</subfield><subfield code="y">1882</subfield><subfield code="r">pd</subfield><subfield code="q">bib</subfield><subfield code="t">US serial item date &lt; 1927</subfield></datafield><datafield tag="974" ind1=" " ind2=" "><subfield code="b">UMN</subfield><subfield code="c">UMN</subfield><subfield code="d">20201001</subfield><subfield code="s">google</subfield><subfield code="u">umn.319510018917729</subfield><subfield code="z">v.9 (1888)</subfield><subfield code="y">1888</subfield><subfield code="r">pd</subfield><subfield code="q">bib</subfield><subfield code="t">US serial item date &lt; 1927</subfield></datafield><datafield tag="974" ind1=" " ind2=" "><subfield code="b">UMN</subfield><subfield code="c">UMN</subfield><subfield code="d">20201127</subfield><subfield code="s">google</subfield><subfield code="u">umn.31951001891789s</subfield><subfield code="z">v.26 (1897)</subfield><subfield code="y">1897</subfield><subfield code="r">pd</subfield><subfield code="q">bib</subfield><subfield code="t">US serial item date &lt; 1927</subfield></datafield><datafield tag="974" ind1=" " ind2=" "><subfield code="b">CHI</subfield><subfield code="c">CHI</subfield><subfield code="d">20220404</subfield><subfield code="s">google</subfield><subfield code="u">chi.74708582</subfield><subfield code="z">v.71-72 Jun 1913-May 1914</subfield><subfield code="y">1914</subfield><subfield code="r">pd</subfield><subfield code="q">bib</subfield><subfield code="t">US serial item date &lt; 1927</subfield></datafield><datafield tag="974" ind1=" " ind2=" "><subfield code="b">CHI</subfield><subfield code="c">CHI</subfield><subfield code="d">20200928</subfield><subfield code="s">google</subfield><subfield code="u">chi.74708479</subfield><subfield code="z">v.69 Dec 1912-Feb 1913</subfield><subfield code="y">1913</subfield><subfield code="r">pd</subfield><subfield code="q">bib</subfield><subfield code="t">US serial item date &lt; 1927</subfield></datafield><datafield tag="974" ind1=" " ind2=" "><subfield code="b">CHI</subfield><subfield code="c">CHI</subfield><subfield code="d">20220427</subfield><subfield code="s">google</subfield><subfield code="u">chi.74708520</subfield><subfield code="z">v.68 Sep-Nov 1912</subfield><subfield code="y">1912</subfield><subfield code="r">pd</subfield><subfield code="q">bib</subfield><subfield code="t">US serial item date &lt; 1927</subfield></datafield><datafield tag="974" ind1=" " ind2=" "><subfield code="b">CHI</subfield><subfield code="c">CHI</subfield><subfield code="d">20200928</subfield><subfield code="s">google</subfield><subfield code="u">chi.74708462</subfield><subfield code="z">v.67 Jun-Aug 1912</subfield><subfield code="y">1912</subfield><subfield code="r">pd</subfield><subfield code="q">bib</subfield><subfield code="t">US serial item date &lt; 1927</subfield></datafield><datafield tag="974" ind1=" " ind2=" "><subfield code="b">CHI</subfield><subfield code="c">CHI</subfield><subfield code="d">20220427</subfield><subfield code="s">google</subfield><subfield code="u">chi.74708417</subfield><subfield code="z">v.66 Mar-May 1912</subfield><subfield code="y">1912</subfield><subfield code="r">pd</subfield><subfield code="q">bib</subfield><subfield code="t">US serial item date &lt; 1927</subfield></datafield><datafield tag="974" ind1=" " ind2=" "><subfield code="b">CHI</subfield><subfield code="c">CHI</subfield><subfield code="d">20220427</subfield><subfield code="s">google</subfield><subfield code="u">chi.74708400</subfield><subfield code="z">v.64 Sep-Nov 1911</subfield><subfield code="y">1911</subfield><subfield code="r">pd</subfield><subfield code="q">bib</subfield><subfield code="t">US serial item date &lt; 1927</subfield></datafield><datafield tag="974" ind1=" " ind2=" "><subfield code="b">CHI</subfield><subfield code="c">CHI</subfield><subfield code="d">20220427</subfield><subfield code="s">google</subfield><subfield code="u">chi.74708342</subfield><subfield code="z">v.63 Jun-Aug 1911</subfield><subfield code="y">1911</subfield><subfield code="r">pd</subfield><subfield code="q">bib</subfield><subfield code="t">US serial item date &lt; 1927</subfield></datafield><datafield tag="974" ind1=" " ind2=" "><subfield code="b">CHI</subfield><subfield code="c">CHI</subfield><subfield code="d">20200928</subfield><subfield code="s">google</subfield><subfield code="u">chi.74711954</subfield><subfield code="z">v.62 Mar-May 1911</subfield><subfield code="y">1911</subfield><subfield code="r">pd</subfield><subfield code="q">bib</subfield><subfield code="t">US serial item date &lt; 1927</subfield></datafield><datafield tag="974" ind1=" " ind2=" "><subfield code="b">CHI</subfield><subfield code="c">CHI</subfield><subfield code="d">20220407</subfield><subfield code="s">google</subfield><subfield code="u">chi.74711896</subfield><subfield code="z">v.61 Dec 1910-Feb 1911</subfield><subfield code="y">1911</subfield><subfield code="r">pd</subfield><subfield code="q">bib</subfield><subfield code="t">US serial item date &lt; 1927</subfield></datafield><datafield tag="974" ind1=" " ind2=" "><subfield code="b">CHI</subfield><subfield code="c">CHI</subfield><subfield code="d">20220427</subfield><subfield code="s">google</subfield><subfield code="u">chi.74711834</subfield><subfield code="z">v.60 Sep-Nov 1910</subfield><subfield code="y">1910</subfield><subfield code="r">pd</subfield><subfield code="q">bib</subfield><subfield code="t">US serial item date &lt; 1927</subfield></datafield><datafield tag="974" ind1=" " ind2=" "><subfield code="b">CHI</subfield><subfield code="c">CHI</subfield><subfield code="d">20200928</subfield><subfield code="s">google</subfield><subfield code="u">chi.74711656</subfield><subfield code="z">v.57 Dec 1909-Feb 1910</subfield><subfield code="y">1910</subfield><subfield code="r">pd</subfield><subfield code="q">bib</subfield><subfield code="t">US serial item date &lt; 1927</subfield></datafield><datafield tag="974" ind1=" " ind2=" "><subfield code="b">CHI</subfield><subfield code="c">CHI</subfield><subfield code="d">20220427</subfield><subfield code="s">google</subfield><subfield code="u">chi.74711598</subfield><subfield code="z">v.56 Sep-Nov 1909</subfield><subfield code="y">1909</subfield><subfield code="r">pd</subfield><subfield code="q">bib</subfield><subfield code="t">US serial item date &lt; 1927</subfield></datafield><datafield tag="974" ind1=" " ind2=" "><subfield code="b">CHI</subfield><subfield code="c">CHI</subfield><subfield code="d">20220427</subfield><subfield code="s">google</subfield><subfield code="u">chi.74711536</subfield><subfield code="z">v.55 Jun-Aug 1909</subfield><subfield code="y">1909</subfield><subfield code="r">pd</subfield><subfield code="q">bib</subfield><subfield code="t">US serial item date &lt; 1927</subfield></datafield><datafield tag="974" ind1=" " ind2=" "><subfield code="b">CHI</subfield><subfield code="c">CHI</subfield><subfield code="d">20220427</subfield><subfield code="s">google</subfield><subfield code="u">chi.74711961</subfield><subfield code="z">v.54 Mar-May 1909</subfield><subfield code="y">1909</subfield><subfield code="r">pd</subfield><subfield code="q">bib</subfield><subfield code="t">US serial item date &lt; 1927</subfield></datafield><datafield tag="974" ind1=" " ind2=" "><subfield code="b">CHI</subfield><subfield code="c">CHI</subfield><subfield code="d">20200928</subfield><subfield code="s">google</subfield><subfield code="u">chi.74711909</subfield><subfield code="z">v.53 Dec 1908-Feb 1909</subfield><subfield code="y">1909</subfield><subfield code="r">pd</subfield><subfield code="q">bib</subfield><subfield code="t">US serial item date &lt; 1927</subfield></datafield><datafield tag="974" ind1=" " ind2=" "><subfield code="b">CHI</subfield><subfield code="c">CHI</subfield><subfield code="d">20220427</subfield><subfield code="s">google</subfield><subfield code="u">chi.74711841</subfield><subfield code="z">v.52 Sep-Nov 1908</subfield><subfield code="y">1908</subfield><subfield code="r">pd</subfield><subfield code="q">bib</subfield><subfield code="t">US serial item date &lt; 1927</subfield></datafield><datafield tag="974" ind1=" " ind2=" "><subfield code="b">CHI</subfield><subfield code="c">CHI</subfield><subfield code="d">20220427</subfield><subfield code="s">google</subfield><subfield code="u">chi.19175961</subfield><subfield code="z">v.51 Jun-Aug 1908</subfield><subfield code="y">1908</subfield><subfield code="r">pd</subfield><subfield code="q">bib</subfield><subfield code="t">US serial item date &lt; 1927</subfield></datafield><datafield tag="974" ind1=" " ind2=" "><subfield code="b">CHI</subfield><subfield code="c">CHI</subfield><subfield code="d">20220427</subfield><subfield code="s">google</subfield><subfield code="u">chi.20799953</subfield><subfield code="z">v.50 Mar-May 1908</subfield><subfield code="y">1908</subfield><subfield code="r">pd</subfield><subfield code="q">bib</subfield><subfield code="t">US serial item date &lt; 1927</subfield></datafield><datafield tag="974" ind1=" " ind2=" "><subfield code="b">CHI</subfield><subfield code="c">CHI</subfield><subfield code="d">20220407</subfield><subfield code="s">google</subfield><subfield code="u">chi.74711783</subfield><subfield code="z">v.49 Dec 1907-Feb 1908</subfield><subfield code="y">1908</subfield><subfield code="r">pd</subfield><subfield code="q">bib</subfield><subfield code="t">US serial item date &lt; 1927</subfield></datafield><datafield tag="974" ind1=" " ind2=" "><subfield code="b">CHI</subfield><subfield code="c">CHI</subfield><subfield code="d">20220427</subfield><subfield code="s">google</subfield><subfield code="u">chi.74711721</subfield><subfield code="z">v.48 Sep-Nov 1907</subfield><subfield code="y">1907</subfield><subfield code="r">pd</subfield><subfield code="q">bib</subfield><subfield code="t">US serial item date &lt; 1927</subfield></datafield><datafield tag="974" ind1=" " ind2=" "><subfield code="b">CHI</subfield><subfield code="c">CHI</subfield><subfield code="d">20220427</subfield><subfield code="s">google</subfield><subfield code="u">chi.19175954</subfield><subfield code="z">v.47 Jun-Aug 1907</subfield><subfield code="y">1907</subfield><subfield code="r">pd</subfield><subfield code="q">bib</subfield><subfield code="t">US serial item date &lt; 1927</subfield></datafield><datafield tag="974" ind1=" " ind2=" "><subfield code="b">CHI</subfield><subfield code="c">CHI</subfield><subfield code="d">20220427</subfield><subfield code="s">google</subfield><subfield code="u">chi.74711663</subfield><subfield code="z">v.46 Mar-May 1907</subfield><subfield code="y">1907</subfield><subfield code="r">pd</subfield><subfield code="q">bib</subfield><subfield code="t">US serial item date &lt; 1927</subfield></datafield><datafield tag="974" ind1=" " ind2=" "><subfield code="b">CHI</subfield><subfield code="c">CHI</subfield><subfield code="d">20220413</subfield><subfield code="s">google</subfield><subfield code="u">chi.74711601</subfield><subfield code="z">v.45 Dec 1906-Feb 1907</subfield><subfield code="y">1907</subfield><subfield code="r">pd</subfield><subfield code="q">bib</subfield><subfield code="t">US serial item date &lt; 1927</subfield></datafield><datafield tag="974" ind1=" " ind2=" "><subfield code="b">CHI</subfield><subfield code="c">CHI</subfield><subfield code="d">20220427</subfield><subfield code="s">google</subfield><subfield code="u">chi.74711543</subfield><subfield code="z">v.44 Sep-Nov 1906</subfield><subfield code="y">1906</subfield><subfield code="r">pd</subfield><subfield code="q">bib</subfield><subfield code="t">US serial item date &lt; 1927</subfield></datafield><datafield tag="974" ind1=" " ind2=" "><subfield code="b">CHI</subfield><subfield code="c">CHI</subfield><subfield code="d">20200928</subfield><subfield code="s">google</subfield><subfield code="u">chi.74711978</subfield><subfield code="z">v.42 Sep 1905-Feb 1906</subfield><subfield code="y">1906</subfield><subfield code="r">pd</subfield><subfield code="q">bib</subfield><subfield code="t">US serial item date &lt; 1927</subfield></datafield><datafield tag="974" ind1=" " ind2=" "><subfield code="b">CHI</subfield><subfield code="c">CHI</subfield><subfield code="d">20200928</subfield><subfield code="s">google</subfield><subfield code="u">chi.74711916</subfield><subfield code="z">v.40 Sep 1904-Feb 1905</subfield><subfield code="y">1905</subfield><subfield code="r">pd</subfield><subfield code="q">bib</subfield><subfield code="t">US serial item date &lt; 1927</subfield></datafield><datafield tag="974" ind1=" " ind2=" "><subfield code="b">CHI</subfield><subfield code="c">CHI</subfield><subfield code="d">20200928</subfield><subfield code="s">google</subfield><subfield code="u">chi.12908146</subfield><subfield code="z">v.38 Sep 1903-Feb 1904</subfield><subfield code="y">1904</subfield><subfield code="r">pd</subfield><subfield code="q">bib</subfield><subfield code="t">US serial item date &lt; 1927</subfield></datafield><datafield tag="974" ind1=" " ind2=" "><subfield code="b">CHI</subfield><subfield code="c">CHI</subfield><subfield code="d">20220427</subfield><subfield code="s">google</subfield><subfield code="u">chi.74711858</subfield><subfield code="z">v.37 Apr-Aug 1903</subfield><subfield code="y">1903</subfield><subfield code="r">pd</subfield><subfield code="q">bib</subfield><subfield code="t">US serial item date &lt; 1927</subfield></datafield><datafield tag="974" ind1=" " ind2=" "><subfield code="b">CHI</subfield><subfield code="c">CHI</subfield><subfield code="d">20200928</subfield><subfield code="s">google</subfield><subfield code="u">chi.74711790</subfield><subfield code="z">v.35 Apr-Sep 1902</subfield><subfield code="y">1902</subfield><subfield code="r">pd</subfield><subfield code="q">bib</subfield><subfield code="t">US serial item date &lt; 1927</subfield></datafield><datafield tag="974" ind1=" " ind2=" "><subfield code="b">CHI</subfield><subfield code="c">CHI</subfield><subfield code="d">20200928</subfield><subfield code="s">google</subfield><subfield code="u">chi.74711738</subfield><subfield code="z">v.34 Oct 1901-Mar 1902</subfield><subfield code="y">1902</subfield><subfield code="r">pd</subfield><subfield code="q">bib</subfield><subfield code="t">US serial item date &lt; 1927</subfield></datafield><datafield tag="974" ind1=" " ind2=" "><subfield code="b">CHI</subfield><subfield code="c">CHI</subfield><subfield code="d">20200928</subfield><subfield code="s">google</subfield><subfield code="u">chi.74711670</subfield><subfield code="z">v.33 Apr-Sep 1901</subfield><subfield code="y">1901</subfield><subfield code="r">pd</subfield><subfield code="q">bib</subfield><subfield code="t">US serial item date &lt; 1927</subfield></datafield><datafield tag="974" ind1=" " ind2=" "><subfield code="b">CHI</subfield><subfield code="c">CHI</subfield><subfield code="d">20200928</subfield><subfield code="s">google</subfield><subfield code="u">chi.74711618</subfield><subfield code="z">v.32 Oct 1900-Mar 1901</subfield><subfield code="y">1901</subfield><subfield code="r">pd</subfield><subfield code="q">bib</subfield><subfield code="t">US serial item date &lt; 1927</subfield></datafield><datafield tag="974" ind1=" " ind2=" "><subfield code="b">CHI</subfield><subfield code="c">CHI</subfield><subfield code="d">20220427</subfield><subfield code="s">google</subfield><subfield code="u">chi.74711550</subfield><subfield code="z">v.31 Apr-Sep 1900</subfield><subfield code="y">1900</subfield><subfield code="r">pd</subfield><subfield code="q">bib</subfield><subfield code="t">US serial item date &lt; 1927</subfield></datafield><datafield tag="974" ind1=" " ind2=" "><subfield code="b">CHI</subfield><subfield code="c">CHI</subfield><subfield code="d">20200928</subfield><subfield code="s">google</subfield><subfield code="u">chi.29679861</subfield><subfield code="z">v.30 Oct 1899-Mar 1900</subfield><subfield code="y">1900</subfield><subfield code="r">pd</subfield><subfield code="q">bib</subfield><subfield code="t">US serial item date &lt; 1927</subfield></datafield><datafield tag="974" ind1=" " ind2=" "><subfield code="b">CHI</subfield><subfield code="c">CHI</subfield><subfield code="d">20220424</subfield><subfield code="s">google</subfield><subfield code="u">chi.74711985</subfield><subfield code="z">v.29 Apr-Sep 1899</subfield><subfield code="y">1899</subfield><subfield code="r">pd</subfield><subfield code="q">bib</subfield><subfield code="t">US serial item date &lt; 1927</subfield></datafield><datafield tag="974" ind1=" " ind2=" "><subfield code="b">CHI</subfield><subfield code="c">CHI</subfield><subfield code="d">20220413</subfield><subfield code="s">google</subfield><subfield code="u">chi.74714839</subfield><subfield code="z">v.28 Oct 1898-Mar 1899</subfield><subfield code="y">1899</subfield><subfield code="r">pd</subfield><subfield code="q">bib</subfield><subfield code="t">US serial item date &lt; 1927</subfield></datafield><datafield tag="974" ind1=" " ind2=" "><subfield code="b">CHI</subfield><subfield code="c">CHI</subfield><subfield code="d">20190726</subfield><subfield code="s">google</subfield><subfield code="u">chi.74714771</subfield><subfield code="z">v.26 Oct 1897-Mar 1898</subfield><subfield code="y">1898</subfield><subfield code="r">pd</subfield><subfield code="q">bib</subfield><subfield code="t">US serial item date &lt; 1927</subfield></datafield><datafield tag="974" ind1=" " ind2=" "><subfield code="b">CHI</subfield><subfield code="c">CHI</subfield><subfield code="d">20220427</subfield><subfield code="s">google</subfield><subfield code="u">chi.74714719</subfield><subfield code="z">v.25 Apr-Sep 1897</subfield><subfield code="y">1897</subfield><subfield code="r">pd</subfield><subfield code="q">bib</subfield><subfield code="t">US serial item date &lt; 1927</subfield></datafield><datafield tag="974" ind1=" " ind2=" "><subfield code="b">CHI</subfield><subfield code="c">CHI</subfield><subfield code="d">20220409</subfield><subfield code="s">google</subfield><subfield code="u">chi.20134829</subfield><subfield code="z">v.24 Oct 1896-Mar 1897</subfield><subfield code="y">1897</subfield><subfield code="r">pd</subfield><subfield code="q">bib</subfield><subfield code="t">US serial item date &lt; 1927</subfield></datafield><datafield tag="974" ind1=" " ind2=" "><subfield code="b">CHI</subfield><subfield code="c">CHI</subfield><subfield code="d">20190204</subfield><subfield code="s">google</subfield><subfield code="u">chi.74714651</subfield><subfield code="z">v.23 Apr-Sep 1896</subfield><subfield code="y">1896</subfield><subfield code="r">pd</subfield><subfield code="q">bib</subfield><subfield code="t">US serial item date &lt; 1927</subfield></datafield><datafield tag="974" ind1=" " ind2=" "><subfield code="b">CHI</subfield><subfield code="c">CHI</subfield><subfield code="d">20200928</subfield><subfield code="s">google</subfield><subfield code="u">chi.74714593</subfield><subfield code="z">v.22 Sep 1895-Mar 1896</subfield><subfield code="y">1896</subfield><subfield code="r">pd</subfield><subfield code="q">bib</subfield><subfield code="t">US serial item date &lt; 1927</subfield></datafield><datafield tag="974" ind1=" " ind2=" "><subfield code="b">CHI</subfield><subfield code="c">CHI</subfield><subfield code="d">20220427</subfield><subfield code="s">google</subfield><subfield code="u">chi.74714473</subfield><subfield code="z">v.20 Oct 1894-Mar 1895</subfield><subfield code="y">1895</subfield><subfield code="r">pd</subfield><subfield code="q">bib</subfield><subfield code="t">US serial item date &lt; 1927</subfield></datafield><datafield tag="974" ind1=" " ind2=" "><subfield code="b">CHI</subfield><subfield code="c">CHI</subfield><subfield code="d">20200928</subfield><subfield code="s">google</subfield><subfield code="u">chi.74714411</subfield><subfield code="z">v.19 Apr-Sep 1894</subfield><subfield code="y">1894</subfield><subfield code="r">pd</subfield><subfield code="q">bib</subfield><subfield code="t">US serial item date &lt; 1927</subfield></datafield><datafield tag="974" ind1=" " ind2=" "><subfield code="b">CHI</subfield><subfield code="c">CHI</subfield><subfield code="d">20220409</subfield><subfield code="s">google</subfield><subfield code="u">chi.74714846</subfield><subfield code="z">v.18 Oct 1893-Mar 1894</subfield><subfield code="y">1894</subfield><subfield code="r">pd</subfield><subfield code="q">bib</subfield><subfield code="t">US serial item date &lt; 1927</subfield></datafield><datafield tag="974" ind1=" " ind2=" "><subfield code="b">CHI</subfield><subfield code="c">CHI</subfield><subfield code="d">20220427</subfield><subfield code="s">google</subfield><subfield code="u">chi.23221843</subfield><subfield code="z">v.17 Apr-Sep 1893</subfield><subfield code="y">1893</subfield><subfield code="r">pd</subfield><subfield code="q">bib</subfield><subfield code="t">US serial item date &lt; 1927</subfield></datafield><datafield tag="974" ind1=" " ind2=" "><subfield code="b">CHI</subfield><subfield code="c">CHI</subfield><subfield code="d">20220409</subfield><subfield code="s">google</subfield><subfield code="u">chi.74714788</subfield><subfield code="z">v.16 Oct 1892-Mar 1893</subfield><subfield code="y">1893</subfield><subfield code="r">pd</subfield><subfield code="q">bib</subfield><subfield code="t">US serial item date &lt; 1927</subfield></datafield><datafield tag="974" ind1=" " ind2=" "><subfield code="b">CHI</subfield><subfield code="c">CHI</subfield><subfield code="d">20200928</subfield><subfield code="s">google</subfield><subfield code="u">chi.74714668</subfield><subfield code="z">v.14 Oct 1891-Mar 1892</subfield><subfield code="y">1892</subfield><subfield code="r">pd</subfield><subfield code="q">bib</subfield><subfield code="t">US serial item date &lt; 1927</subfield></datafield><datafield tag="974" ind1=" " ind2=" "><subfield code="b">CHI</subfield><subfield code="c">CHI</subfield><subfield code="d">20220427</subfield><subfield code="s">google</subfield><subfield code="u">chi.74714606</subfield><subfield code="z">v.13 Apr-Sep 1891</subfield><subfield code="y">1891</subfield><subfield code="r">pd</subfield><subfield code="q">bib</subfield><subfield code="t">US serial item date &lt; 1927</subfield></datafield><datafield tag="974" ind1=" " ind2=" "><subfield code="b">CHI</subfield><subfield code="c">CHI</subfield><subfield code="d">20200928</subfield><subfield code="s">google</subfield><subfield code="u">chi.74714548</subfield><subfield code="z">v.12 Oct 1890-Mar 1891</subfield><subfield code="y">1891</subfield><subfield code="r">pd</subfield><subfield code="q">bib</subfield><subfield code="t">US serial item date &lt; 1927</subfield></datafield><datafield tag="974" ind1=" " ind2=" "><subfield code="b">CHI</subfield><subfield code="c">CHI</subfield><subfield code="d">20220427</subfield><subfield code="s">google</subfield><subfield code="u">chi.74714480</subfield><subfield code="z">v.11 Apr-Sep 1890</subfield><subfield code="y">1890</subfield><subfield code="r">pd</subfield><subfield code="q">bib</subfield><subfield code="t">US serial item date &lt; 1927</subfield></datafield><datafield tag="974" ind1=" " ind2=" "><subfield code="b">CHI</subfield><subfield code="c">CHI</subfield><subfield code="d">20220409</subfield><subfield code="s">google</subfield><subfield code="u">chi.74714428</subfield><subfield code="z">v.10 Oct 1889-Mar 1890</subfield><subfield code="y">1890</subfield><subfield code="r">pd</subfield><subfield code="q">bib</subfield><subfield code="t">US serial item date &lt; 1927</subfield></datafield><datafield tag="974" ind1=" " ind2=" "><subfield code="b">CHI</subfield><subfield code="c">CHI</subfield><subfield code="d">20220427</subfield><subfield code="s">google</subfield><subfield code="u">chi.74714853</subfield><subfield code="z">v.9 Oct 1888-Jul 1889</subfield><subfield code="y">1889</subfield><subfield code="r">pd</subfield><subfield code="q">bib</subfield><subfield code="t">US serial item date &lt; 1927</subfield></datafield><datafield tag="974" ind1=" " ind2=" "><subfield code="b">CHI</subfield><subfield code="c">CHI</subfield><subfield code="d">20210210</subfield><subfield code="s">google</subfield><subfield code="u">chi.74714795</subfield><subfield code="z">v.8 Oct 1887-Jul 1888</subfield><subfield code="y">1888</subfield><subfield code="r">pd</subfield><subfield code="q">bib</subfield><subfield code="t">US serial item date &lt; 1927</subfield></datafield><datafield tag="974" ind1=" " ind2=" "><subfield code="b">CHI</subfield><subfield code="c">CHI</subfield><subfield code="d">20200929</subfield><subfield code="s">google</subfield><subfield code="u">chi.74714733</subfield><subfield code="z">v.7 Oct 1886-Jul 1887</subfield><subfield code="y">1887</subfield><subfield code="r">pd</subfield><subfield code="q">bib</subfield><subfield code="t">US serial item date &lt; 1927</subfield></datafield><datafield tag="974" ind1=" " ind2=" "><subfield code="b">CHI</subfield><subfield code="c">CHI</subfield><subfield code="d">20200928</subfield><subfield code="s">google</subfield><subfield code="u">chi.74714675</subfield><subfield code="z">v.6 Oct 1885-Jul 1886</subfield><subfield code="y">1886</subfield><subfield code="r">pd</subfield><subfield code="q">bib</subfield><subfield code="t">US serial item date &lt; 1927</subfield></datafield><datafield tag="974" ind1=" " ind2=" "><subfield code="b">CHI</subfield><subfield code="c">CHI</subfield><subfield code="d">20200928</subfield><subfield code="s">google</subfield><subfield code="u">chi.74714613</subfield><subfield code="z">v.5 Oct 1884-Jul 1885</subfield><subfield code="y">1885</subfield><subfield code="r">pd</subfield><subfield code="q">bib</subfield><subfield code="t">US serial item date &lt; 1927</subfield></datafield><datafield tag="974" ind1=" " ind2=" "><subfield code="b">CHI</subfield><subfield code="c">CHI</subfield><subfield code="d">20200929</subfield><subfield code="s">google</subfield><subfield code="u">chi.74714555</subfield><subfield code="z">v.4 Oct 1883-Jul 1884</subfield><subfield code="y">1884</subfield><subfield code="r">pd</subfield><subfield code="q">bib</subfield><subfield code="t">US serial item date &lt; 1927</subfield></datafield><datafield tag="974" ind1=" " ind2=" "><subfield code="b">CHI</subfield><subfield code="c">CHI</subfield><subfield code="d">20200929</subfield><subfield code="s">google</subfield><subfield code="u">chi.74714435</subfield><subfield code="z">v.2 Oct 1881-Jul 1882</subfield><subfield code="y">1882</subfield><subfield code="r">pd</subfield><subfield code="q">bib</subfield><subfield code="t">US serial item date &lt; 1927</subfield></datafield><datafield tag="974" ind1=" " ind2=" "><subfield code="b">CHI</subfield><subfield code="c">CHI</subfield><subfield code="d">20220413</subfield><subfield code="s">google</subfield><subfield code="u">chi.74714860</subfield><subfield code="z">v.1 Oct 1880-Jul 1881</subfield><subfield code="y">1881</subfield><subfield code="r">pd</subfield><subfield code="q">bib</subfield><subfield code="t">US serial item date &lt; 1927</subfield></datafield><datafield tag="974" ind1=" " ind2=" "><subfield code="b">UIU</subfield><subfield code="c">UIUC</subfield><subfield code="d">20220409</subfield><subfield code="s">google</subfield><subfield code="u">uiug.30112002995006</subfield><subfield code="z">v.1</subfield><subfield code="y">1914</subfield><subfield code="r">pd</subfield><subfield code="q">bib</subfield><subfield code="t">US bib date2 &lt; 1927</subfield></datafield><datafield tag="974" ind1=" " ind2=" "><subfield code="b">UIU</subfield><subfield code="c">UIUC</subfield><subfield code="d">20201205</subfield><subfield code="s">google</subfield><subfield code="u">uiug.30112041513554</subfield><subfield code="z">v.1</subfield><subfield code="y">1914</subfield><subfield code="r">pd</subfield><subfield code="q">bib</subfield><subfield code="t">US bib date2 &lt; 1927</subfield></datafield><datafield tag="974" ind1=" " ind2=" "><subfield code="b">UIU</subfield><subfield code="c">UIUC</subfield><subfield code="d">20220409</subfield><subfield code="s">google</subfield><subfield code="u">uiug.30112041759181</subfield><subfield code="z">v.1</subfield><subfield code="y">1914</subfield><subfield code="r">pd</subfield><subfield code="q">bib</subfield><subfield code="t">US bib date2 &lt; 1927</subfield></datafield><datafield tag="974" ind1=" " ind2=" "><subfield code="b">UIU</subfield><subfield code="c">UIUC</subfield><subfield code="d">20220409</subfield><subfield code="s">google</subfield><subfield code="u">uiug.30112041759199</subfield><subfield code="z">v.1</subfield><subfield code="y">1914</subfield><subfield code="r">pd</subfield><subfield code="q">bib</subfield><subfield code="t">US bib date2 &lt; 1927</subfield></datafield><datafield tag="974" ind1=" " ind2=" "><subfield code="b">UIU</subfield><subfield code="c">UIUC</subfield><subfield code="d">20220409</subfield><subfield code="s">google</subfield><subfield code="u">uiug.30112041759215</subfield><subfield code="z">v.1</subfield><subfield code="y">1914</subfield><subfield code="r">pd</subfield><subfield code="q">bib</subfield><subfield code="t">US bib date2 &lt; 1927</subfield></datafield><datafield tag="974" ind1=" " ind2=" "><subfield code="b">UIU</subfield><subfield code="c">UIUC</subfield><subfield code="d">20201205</subfield><subfield code="s">google</subfield><subfield code="u">uiug.30112041759223</subfield><subfield code="z">v.1</subfield><subfield code="y">1914</subfield><subfield code="r">pd</subfield><subfield code="q">bib</subfield><subfield code="t">US bib date2 &lt; 1927</subfield></datafield><datafield tag="974" ind1=" " ind2=" "><subfield code="b">UIU</subfield><subfield code="c">UIUC</subfield><subfield code="d">20220409</subfield><subfield code="s">google</subfield><subfield code="u">uiug.30112041759249</subfield><subfield code="z">v.1</subfield><subfield code="y">1914</subfield><subfield code="r">pd</subfield><subfield code="q">bib</subfield><subfield code="t">US bib date2 &lt; 1927</subfield></datafield><datafield tag="974" ind1=" " ind2=" "><subfield code="b">UIU</subfield><subfield code="c">UIUC</subfield><subfield code="d">20220409</subfield><subfield code="s">google</subfield><subfield code="u">uiug.30112041759256</subfield><subfield code="z">v.1</subfield><subfield code="y">1914</subfield><subfield code="r">pd</subfield><subfield code="q">bib</subfield><subfield code="t">US bib date2 &lt; 1927</subfield></datafield><datafield tag="974" ind1=" " ind2=" "><subfield code="b">UIU</subfield><subfield code="c">UIUC</subfield><subfield code="d">20200823</subfield><subfield code="s">google</subfield><subfield code="u">uiug.30112041759272</subfield><subfield code="z">v.1</subfield><subfield code="y">1914</subfield><subfield code="r">pd</subfield><subfield code="q">bib</subfield><subfield code="t">US bib date2 &lt; 1927</subfield></datafield><datafield tag="974" ind1=" " ind2=" "><subfield code="b">UIU</subfield><subfield code="c">UIUC</subfield><subfield code="d">20201205</subfield><subfield code="s">google</subfield><subfield code="u">uiug.30112041759298</subfield><subfield code="z">v.1</subfield><subfield code="y">1914</subfield><subfield code="r">pd</subfield><subfield code="q">bib</subfield><subfield code="t">US bib date2 &lt; 1927</subfield></datafield><datafield tag="974" ind1=" " ind2=" "><subfield code="b">UIU</subfield><subfield code="c">UIUC</subfield><subfield code="d">20201205</subfield><subfield code="s">google</subfield><subfield code="u">uiug.30112041759322</subfield><subfield code="z">v.1</subfield><subfield code="y">1914</subfield><subfield code="r">pd</subfield><subfield code="q">bib</subfield><subfield code="t">US bib date2 &lt; 1927</subfield></datafield><datafield tag="974" ind1=" " ind2=" "><subfield code="b">UIU</subfield><subfield code="c">UIUC</subfield><subfield code="d">20220409</subfield><subfield code="s">google</subfield><subfield code="u">uiug.30112041759330</subfield><subfield code="z">v.1</subfield><subfield code="y">1914</subfield><subfield code="r">pd</subfield><subfield code="q">bib</subfield><subfield code="t">US bib date2 &lt; 1927</subfield></datafield><datafield tag="974" ind1=" " ind2=" "><subfield code="b">UIU</subfield><subfield code="c">UIUC</subfield><subfield code="d">20201205</subfield><subfield code="s">google</subfield><subfield code="u">uiug.30112041759355</subfield><subfield code="z">v.1</subfield><subfield code="y">1914</subfield><subfield code="r">pd</subfield><subfield code="q">bib</subfield><subfield code="t">US bib date2 &lt; 1927</subfield></datafield><datafield tag="974" ind1=" " ind2=" "><subfield code="b">COO</subfield><subfield code="c">COO</subfield><subfield code="d">20201205</subfield><subfield code="s">google</subfield><subfield code="u">coo.31924066337027</subfield><subfield code="z">v.37 1903:Apr.-Sept.</subfield><subfield code="y">1903</subfield><subfield code="r">pd</subfield><subfield code="q">bib</subfield><subfield code="t">US serial item date &lt; 1927</subfield></datafield><datafield tag="974" ind1=" " ind2=" "><subfield code="b">COO</subfield><subfield code="c">COO</subfield><subfield code="d">20201205</subfield><subfield code="s">google</subfield><subfield code="u">coo.31924066342886</subfield><subfield code="z">v.50-51 1908:Mar.-Oct.</subfield><subfield code="y">1908</subfield><subfield code="r">pd</subfield><subfield code="q">bib</subfield><subfield code="t">US serial item date &lt; 1927</subfield></datafield><datafield tag="974" ind1=" " ind2=" "><subfield code="b">COO</subfield><subfield code="c">COO</subfield><subfield code="d">20210211</subfield><subfield code="s">google</subfield><subfield code="u">coo.31924066342894</subfield><subfield code="z">v.52-53 1908:Sept./1909:Feb.</subfield><subfield code="y">1909</subfield><subfield code="r">pd</subfield><subfield code="q">bib</subfield><subfield code="t">US serial item date &lt; 1927</subfield></datafield><datafield tag="974" ind1=" " ind2=" "><subfield code="b">COO</subfield><subfield code="c">COO</subfield><subfield code="d">20201205</subfield><subfield code="s">google</subfield><subfield code="u">coo.31924066342902</subfield><subfield code="z">v.54-55 1909:Mar.-Oct.</subfield><subfield code="y">1909</subfield><subfield code="r">pd</subfield><subfield code="q">bib</subfield><subfield code="t">US serial item date &lt; 1927</subfield></datafield><datafield tag="974" ind1=" " ind2=" "><subfield code="b">COO</subfield><subfield code="c">COO</subfield><subfield code="d">20201205</subfield><subfield code="s">google</subfield><subfield code="u">coo.31924066342910</subfield><subfield code="z">v.56-57 1909:Sept./1910:Feb.</subfield><subfield code="y">1910</subfield><subfield code="r">pd</subfield><subfield code="q">bib</subfield><subfield code="t">US serial item date &lt; 1927</subfield></datafield><datafield tag="974" ind1=" " ind2=" "><subfield code="b">COO</subfield><subfield code="c">COO</subfield><subfield code="d">20210211</subfield><subfield code="s">google</subfield><subfield code="u">coo.31924066342928</subfield><subfield code="z">v.58-59 1910:Mar.-Oct.</subfield><subfield code="y">1910</subfield><subfield code="r">pd</subfield><subfield code="q">bib</subfield><subfield code="t">US serial item date &lt; 1927</subfield></datafield><datafield tag="974" ind1=" " ind2=" "><subfield code="b">COO</subfield><subfield code="c">COO</subfield><subfield code="d">20210211</subfield><subfield code="s">google</subfield><subfield code="u">coo.31924066342936</subfield><subfield code="z">v.60-61 1910:Sept./1911:Feb.</subfield><subfield code="y">1911</subfield><subfield code="r">pd</subfield><subfield code="q">bib</subfield><subfield code="t">US serial item date &lt; 1927</subfield></datafield><datafield tag="974" ind1=" " ind2=" "><subfield code="b">COO</subfield><subfield code="c">COO</subfield><subfield code="d">20201205</subfield><subfield code="s">google</subfield><subfield code="u">coo.31924066342944</subfield><subfield code="z">v.62-63 1911:Mar.-Oct.</subfield><subfield code="y">1911</subfield><subfield code="r">pd</subfield><subfield code="q">bib</subfield><subfield code="t">US serial item date &lt; 1927</subfield></datafield><datafield tag="974" ind1=" " ind2=" "><subfield code="b">COO</subfield><subfield code="c">COO</subfield><subfield code="d">20201205</subfield><subfield code="s">google</subfield><subfield code="u">coo.31924066342951</subfield><subfield code="z">v.64-65 1911:Sept./1912:Feb.</subfield><subfield code="y">1912</subfield><subfield code="r">pd</subfield><subfield code="q">bib</subfield><subfield code="t">US serial item date &lt; 1927</subfield></datafield><datafield tag="974" ind1=" " ind2=" "><subfield code="b">COO</subfield><subfield code="c">COO</subfield><subfield code="d">20201206</subfield><subfield code="s">google</subfield><subfield code="u">coo.31924066342969</subfield><subfield code="z">v.66-67 1912:Mar.-Oct.</subfield><subfield code="y">1912</subfield><subfield code="r">pd</subfield><subfield code="q">bib</subfield><subfield code="t">US serial item date &lt; 1927</subfield></datafield><datafield tag="974" ind1=" " ind2=" "><subfield code="b">COO</subfield><subfield code="c">COO</subfield><subfield code="d">20201205</subfield><subfield code="s">google</subfield><subfield code="u">coo.31924066342977</subfield><subfield code="z">v.68-69 1912:Sept./1913:Feb.</subfield><subfield code="y">1913</subfield><subfield code="r">pd</subfield><subfield code="q">bib</subfield><subfield code="t">US serial item date &lt; 1927</subfield></datafield><datafield tag="974" ind1=" " ind2=" "><subfield code="b">COO</subfield><subfield code="c">COO</subfield><subfield code="d">20201206</subfield><subfield code="s">google</subfield><subfield code="u">coo.31924066342985</subfield><subfield code="z">v.70 1913:Mar.-May</subfield><subfield code="y">1913</subfield><subfield code="r">pd</subfield><subfield code="q">bib</subfield><subfield code="t">US serial item date &lt; 1927</subfield></datafield><datafield tag="974" ind1=" " ind2=" "><subfield code="b">COO</subfield><subfield code="c">COO</subfield><subfield code="d">20201206</subfield><subfield code="s">google</subfield><subfield code="u">coo.31924066343009</subfield><subfield code="z">v.72 1913:Sept./1914:May</subfield><subfield code="y">1914</subfield><subfield code="r">pd</subfield><subfield code="q">bib</subfield><subfield code="t">US serial item date &lt; 1927</subfield></datafield><datafield tag="974" ind1=" " ind2=" "><subfield code="b">COO</subfield><subfield code="c">COO</subfield><subfield code="d">20201205</subfield><subfield code="s">google</subfield><subfield code="u">coo.31924066343033</subfield><subfield code="z">v.48-49 1907:Sept./1908:Feb.</subfield><subfield code="y">1908</subfield><subfield code="r">pd</subfield><subfield code="q">bib</subfield><subfield code="t">US serial item date &lt; 1927</subfield></datafield><datafield tag="974" ind1=" " ind2=" "><subfield code="b">COO</subfield><subfield code="c">COO</subfield><subfield code="d">20201205</subfield><subfield code="s">google</subfield><subfield code="u">coo.31924066343041</subfield><subfield code="z">v.46-47 1907:Mar.-Oct.</subfield><subfield code="y">1907</subfield><subfield code="r">pd</subfield><subfield code="q">bib</subfield><subfield code="t">US serial item date &lt; 1927</subfield></datafield><datafield tag="974" ind1=" " ind2=" "><subfield code="b">COO</subfield><subfield code="c">COO</subfield><subfield code="d">20201205</subfield><subfield code="s">google</subfield><subfield code="u">coo.31924066343058</subfield><subfield code="z">v.44-45 1906:Oct./1907:Feb.</subfield><subfield code="y">1907</subfield><subfield code="r">pd</subfield><subfield code="q">bib</subfield><subfield code="t">US serial item date &lt; 1927</subfield></datafield><datafield tag="974" ind1=" " ind2=" "><subfield code="b">COO</subfield><subfield code="c">COO</subfield><subfield code="d">20201205</subfield><subfield code="s">google</subfield><subfield code="u">coo.31924066343066</subfield><subfield code="z">v.43 1906:Apr.-Sept.</subfield><subfield code="y">1906</subfield><subfield code="r">pd</subfield><subfield code="q">bib</subfield><subfield code="t">US serial item date &lt; 1927</subfield></datafield><datafield tag="974" ind1=" " ind2=" "><subfield code="b">COO</subfield><subfield code="c">COO</subfield><subfield code="d">20201205</subfield><subfield code="s">google</subfield><subfield code="u">coo.31924066343074</subfield><subfield code="z">v.42 1905:Oct./1906:Mar.</subfield><subfield code="y">1906</subfield><subfield code="r">pd</subfield><subfield code="q">bib</subfield><subfield code="t">US serial item date &lt; 1927</subfield></datafield><datafield tag="974" ind1=" " ind2=" "><subfield code="b">COO</subfield><subfield code="c">COO</subfield><subfield code="d">20201205</subfield><subfield code="s">google</subfield><subfield code="u">coo.31924066343082</subfield><subfield code="z">v.41 1905:Apr.-Sept.</subfield><subfield code="y">1905</subfield><subfield code="r">pd</subfield><subfield code="q">bib</subfield><subfield code="t">US serial item date &lt; 1927</subfield></datafield><datafield tag="974" ind1=" " ind2=" "><subfield code="b">COO</subfield><subfield code="c">COO</subfield><subfield code="d">20201205</subfield><subfield code="s">google</subfield><subfield code="u">coo.31924066343090</subfield><subfield code="z">v.40 1904:Oct./1905:Feb.</subfield><subfield code="y">1905</subfield><subfield code="r">pd</subfield><subfield code="q">bib</subfield><subfield code="t">US serial item date &lt; 1927</subfield></datafield><datafield tag="974" ind1=" " ind2=" "><subfield code="b">COO</subfield><subfield code="c">COO</subfield><subfield code="d">20201205</subfield><subfield code="s">google</subfield><subfield code="u">coo.31924066343108</subfield><subfield code="z">v.39 1904:Apr.-Sept.</subfield><subfield code="y">1904</subfield><subfield code="r">pd</subfield><subfield code="q">bib</subfield><subfield code="t">US serial item date &lt; 1927</subfield></datafield><datafield tag="974" ind1=" " ind2=" "><subfield code="b">COO</subfield><subfield code="c">COO</subfield><subfield code="d">20201205</subfield><subfield code="s">google</subfield><subfield code="u">coo.31924066343116</subfield><subfield code="z">v.38 1903:Oct./1904:Mar.</subfield><subfield code="y">1904</subfield><subfield code="r">pd</subfield><subfield code="q">bib</subfield><subfield code="t">US serial item date &lt; 1927</subfield></datafield><datafield tag="974" ind1=" " ind2=" "><subfield code="b">COO</subfield><subfield code="c">COO</subfield><subfield code="d">20201205</subfield><subfield code="s">google</subfield><subfield code="u">coo.31924066343124</subfield><subfield code="z">v.35 1902:Apr.-Sept.</subfield><subfield code="y">1902</subfield><subfield code="r">pd</subfield><subfield code="q">bib</subfield><subfield code="t">US serial item date &lt; 1927</subfield></datafield><datafield tag="974" ind1=" " ind2=" "><subfield code="b">COO</subfield><subfield code="c">COO</subfield><subfield code="d">20201205</subfield><subfield code="s">google</subfield><subfield code="u">coo.31924066343132</subfield><subfield code="z">v.36 1902:Oct./1903:Mar.</subfield><subfield code="y">1903</subfield><subfield code="r">pd</subfield><subfield code="q">bib</subfield><subfield code="t">US serial item date &lt; 1927</subfield></datafield><datafield tag="974" ind1=" " ind2=" "><subfield code="b">COO</subfield><subfield code="c">COO</subfield><subfield code="d">20201205</subfield><subfield code="s">google</subfield><subfield code="u">coo.31924066343157</subfield><subfield code="z">v.34 1901:Oct./1902:Mar.</subfield><subfield code="y">1902</subfield><subfield code="r">pd</subfield><subfield code="q">bib</subfield><subfield code="t">US serial item date &lt; 1927</subfield></datafield><datafield tag="974" ind1=" " ind2=" "><subfield code="b">COO</subfield><subfield code="c">COO</subfield><subfield code="d">20201205</subfield><subfield code="s">google</subfield><subfield code="u">coo.31924066343165</subfield><subfield code="z">v.33 1901:Apr.-Sept.</subfield><subfield code="y">1901</subfield><subfield code="r">pd</subfield><subfield code="q">bib</subfield><subfield code="t">US serial item date &lt; 1927</subfield></datafield><datafield tag="974" ind1=" " ind2=" "><subfield code="b">COO</subfield><subfield code="c">COO</subfield><subfield code="d">20201205</subfield><subfield code="s">google</subfield><subfield code="u">coo.31924066343173</subfield><subfield code="z">v.32 1900:Oct./1901:Mar.</subfield><subfield code="y">1901</subfield><subfield code="r">pd</subfield><subfield code="q">bib</subfield><subfield code="t">US serial item date &lt; 1927</subfield></datafield><datafield tag="974" ind1=" " ind2=" "><subfield code="b">COO</subfield><subfield code="c">COO</subfield><subfield code="d">20201205</subfield><subfield code="s">google</subfield><subfield code="u">coo.31924066343181</subfield><subfield code="z">v.31 1900:Apr.-Sept.</subfield><subfield code="y">1900</subfield><subfield code="r">pd</subfield><subfield code="q">bib</subfield><subfield code="t">US serial item date &lt; 1927</subfield></datafield><datafield tag="974" ind1=" " ind2=" "><subfield code="b">COO</subfield><subfield code="c">COO</subfield><subfield code="d">20201205</subfield><subfield code="s">google</subfield><subfield code="u">coo.31924066343199</subfield><subfield code="z">v.29 1899:Apr.-Sept.</subfield><subfield code="y">1899</subfield><subfield code="r">pd</subfield><subfield code="q">bib</subfield><subfield code="t">US serial item date &lt; 1927</subfield></datafield><datafield tag="974" ind1=" " ind2=" "><subfield code="b">COO</subfield><subfield code="c">COO</subfield><subfield code="d">20201205</subfield><subfield code="s">google</subfield><subfield code="u">coo.31924066343850</subfield><subfield code="z">v.24 1896:Oct./1897:Mar.</subfield><subfield code="y">1897</subfield><subfield code="r">pd</subfield><subfield code="q">bib</subfield><subfield code="t">US serial item date &lt; 1927</subfield></datafield><datafield tag="974" ind1=" " ind2=" "><subfield code="b">COO</subfield><subfield code="c">COO</subfield><subfield code="d">20201205</subfield><subfield code="s">google</subfield><subfield code="u">coo.31924066343876</subfield><subfield code="z">v.22 1895:Oct./1896:Mar.</subfield><subfield code="y">1896</subfield><subfield code="r">pd</subfield><subfield code="q">bib</subfield><subfield code="t">US serial item date &lt; 1927</subfield></datafield><datafield tag="974" ind1=" " ind2=" "><subfield code="b">COO</subfield><subfield code="c">COO</subfield><subfield code="d">20201205</subfield><subfield code="s">google</subfield><subfield code="u">coo.31924066343892</subfield><subfield code="z">v.3 1882:Oct./1883:July</subfield><subfield code="y">1883</subfield><subfield code="r">pd</subfield><subfield code="q">bib</subfield><subfield code="t">US serial item date &lt; 1927</subfield></datafield><datafield tag="974" ind1=" " ind2=" "><subfield code="b">COO</subfield><subfield code="c">COO</subfield><subfield code="d">20201205</subfield><subfield code="s">google</subfield><subfield code="u">coo.31924066343900</subfield><subfield code="z">v.19 1894:Apr.-Sept.</subfield><subfield code="y">1894</subfield><subfield code="r">pd</subfield><subfield code="q">bib</subfield><subfield code="t">US serial item date &lt; 1927</subfield></datafield><datafield tag="974" ind1=" " ind2=" "><subfield code="b">COO</subfield><subfield code="c">COO</subfield><subfield code="d">20201205</subfield><subfield code="s">google</subfield><subfield code="u">coo.31924066343926</subfield><subfield code="z">v.25 1897:Apr.-Sept.</subfield><subfield code="y">1897</subfield><subfield code="r">pd</subfield><subfield code="q">bib</subfield><subfield code="t">US serial item date &lt; 1927</subfield></datafield><datafield tag="974" ind1=" " ind2=" "><subfield code="b">COO</subfield><subfield code="c">COO</subfield><subfield code="d">20220412</subfield><subfield code="s">google</subfield><subfield code="u">coo.31924066343934</subfield><subfield code="z">v.28 1898:Oct./1899:Mar.</subfield><subfield code="y">1899</subfield><subfield code="r">pd</subfield><subfield code="q">bib</subfield><subfield code="t">US serial item date &lt; 1927</subfield></datafield><datafield tag="974" ind1=" " ind2=" "><subfield code="b">COO</subfield><subfield code="c">COO</subfield><subfield code="d">20201205</subfield><subfield code="s">google</subfield><subfield code="u">coo.31924066343942</subfield><subfield code="z">v.27 1898:Apr.-Sept.</subfield><subfield code="y">1898</subfield><subfield code="r">pd</subfield><subfield code="q">bib</subfield><subfield code="t">US serial item date &lt; 1927</subfield></datafield><datafield tag="974" ind1=" " ind2=" "><subfield code="b">COO</subfield><subfield code="c">COO</subfield><subfield code="d">20201205</subfield><subfield code="s">google</subfield><subfield code="u">coo.31924066343959</subfield><subfield code="z">v.26 1897:Oct./1898:Mar.</subfield><subfield code="y">1898</subfield><subfield code="r">pd</subfield><subfield code="q">bib</subfield><subfield code="t">US serial item date &lt; 1927</subfield></datafield><datafield tag="974" ind1=" " ind2=" "><subfield code="b">COO</subfield><subfield code="c">COO</subfield><subfield code="d">20201217</subfield><subfield code="s">google</subfield><subfield code="u">coo.31924066343975</subfield><subfield code="z">v.21 1895:Apr.-Sept.</subfield><subfield code="y">1895</subfield><subfield code="r">pd</subfield><subfield code="q">bib</subfield><subfield code="t">US serial item date &lt; 1927</subfield></datafield><datafield tag="974" ind1=" " ind2=" "><subfield code="b">COO</subfield><subfield code="c">COO</subfield><subfield code="d">20201205</subfield><subfield code="s">google</subfield><subfield code="u">coo.31924066343983</subfield><subfield code="z">v.20 1894:Oct./1895:Mar.</subfield><subfield code="y">1895</subfield><subfield code="r">pd</subfield><subfield code="q">bib</subfield><subfield code="t">US serial item date &lt; 1927</subfield></datafield><datafield tag="974" ind1=" " ind2=" "><subfield code="b">COO</subfield><subfield code="c">COO</subfield><subfield code="d">20201206</subfield><subfield code="s">google</subfield><subfield code="u">coo.31924066344007</subfield><subfield code="z">v.18 1893:Oct./1894:Mar.</subfield><subfield code="y">1894</subfield><subfield code="r">pd</subfield><subfield code="q">bib</subfield><subfield code="t">US serial item date &lt; 1927</subfield></datafield><datafield tag="974" ind1=" " ind2=" "><subfield code="b">COO</subfield><subfield code="c">COO</subfield><subfield code="d">20201206</subfield><subfield code="s">google</subfield><subfield code="u">coo.31924066344015</subfield><subfield code="z">v.17 1893:Apr.-Sept.</subfield><subfield code="y">1893</subfield><subfield code="r">pd</subfield><subfield code="q">bib</subfield><subfield code="t">US serial item date &lt; 1927</subfield></datafield><datafield tag="974" ind1=" " ind2=" "><subfield code="b">COO</subfield><subfield code="c">COO</subfield><subfield code="d">20210211</subfield><subfield code="s">google</subfield><subfield code="u">coo.31924066344031</subfield><subfield code="z">v.16 1892:Oct./1893:Mar.</subfield><subfield code="y">1893</subfield><subfield code="r">pd</subfield><subfield code="q">bib</subfield><subfield code="t">US serial item date &lt; 1927</subfield></datafield><datafield tag="974" ind1=" " ind2=" "><subfield code="b">COO</subfield><subfield code="c">COO</subfield><subfield code="d">20210211</subfield><subfield code="s">google</subfield><subfield code="u">coo.31924066344049</subfield><subfield code="z">v.15 1892:Apr.-Sept.</subfield><subfield code="y">1892</subfield><subfield code="r">pd</subfield><subfield code="q">bib</subfield><subfield code="t">US serial item date &lt; 1927</subfield></datafield><datafield tag="974" ind1=" " ind2=" "><subfield code="b">COO</subfield><subfield code="c">COO</subfield><subfield code="d">20201206</subfield><subfield code="s">google</subfield><subfield code="u">coo.31924066344056</subfield><subfield code="z">v.14 1891:Oct./1892:Mar.</subfield><subfield code="y">1892</subfield><subfield code="r">pd</subfield><subfield code="q">bib</subfield><subfield code="t">US serial item date &lt; 1927</subfield></datafield><datafield tag="974" ind1=" " ind2=" "><subfield code="b">COO</subfield><subfield code="c">COO</subfield><subfield code="d">20201205</subfield><subfield code="s">google</subfield><subfield code="u">coo.31924066344098</subfield><subfield code="z">v.13 1891:Apr.-Sept.</subfield><subfield code="y">1891</subfield><subfield code="r">pd</subfield><subfield code="q">bib</subfield><subfield code="t">US serial item date &lt; 1927</subfield></datafield><datafield tag="974" ind1=" " ind2=" "><subfield code="b">COO</subfield><subfield code="c">COO</subfield><subfield code="d">20201205</subfield><subfield code="s">google</subfield><subfield code="u">coo.31924066344130</subfield><subfield code="z">v.11 1890:Apr.-Sept.</subfield><subfield code="y">1890</subfield><subfield code="r">pd</subfield><subfield code="q">bib</subfield><subfield code="t">US serial item date &lt; 1927</subfield></datafield><datafield tag="974" ind1=" " ind2=" "><subfield code="b">COO</subfield><subfield code="c">COO</subfield><subfield code="d">20210211</subfield><subfield code="s">google</subfield><subfield code="u">coo.31924066371695</subfield><subfield code="z">v.23 1896:Apr.-Sept.</subfield><subfield code="y">1896</subfield><subfield code="r">pd</subfield><subfield code="q">bib</subfield><subfield code="t">US serial item date &lt; 1927</subfield></datafield><datafield tag="974" ind1=" " ind2=" "><subfield code="b">COO</subfield><subfield code="c">COO</subfield><subfield code="d">20210220</subfield><subfield code="s">google</subfield><subfield code="u">coo.31924066337092</subfield><subfield code="z">v.30 1899:Oct./1900:Mar.</subfield><subfield code="y">1900</subfield><subfield code="r">pd</subfield><subfield code="q">bib</subfield><subfield code="t">US serial item date &lt; 1927</subfield></datafield><datafield tag="974" ind1=" " ind2=" "><subfield code="b">COO</subfield><subfield code="c">COO</subfield><subfield code="d">20210220</subfield><subfield code="s">google</subfield><subfield code="u">coo.31924066344064</subfield><subfield code="z">v.10 1889:Oct./1890:Mar.</subfield><subfield code="y">1890</subfield><subfield code="r">pd</subfield><subfield code="q">bib</subfield><subfield code="t">US serial item date &lt; 1927</subfield></datafield><datafield tag="974" ind1=" " ind2=" "><subfield code="b">COO</subfield><subfield code="c">COO</subfield><subfield code="d">20210220</subfield><subfield code="s">google</subfield><subfield code="u">coo.31924066344114</subfield><subfield code="z">v.12 1890:Oct./1891:Mar.</subfield><subfield code="y">1891</subfield><subfield code="r">pd</subfield><subfield code="q">bib</subfield><subfield code="t">US serial item date &lt; 1927</subfield></datafield><datafield tag="974" ind1=" " ind2=" "><subfield code="b">UIU</subfield><subfield code="c">UIUC</subfield><subfield code="d">20220331</subfield><subfield code="s">google</subfield><subfield code="u">uiug.30112041759306</subfield><subfield code="z">v.65(1911-1912)</subfield><subfield code="y">1912</subfield><subfield code="r">pd</subfield><subfield code="q">bib</subfield><subfield code="t">US serial item date &lt; 1927</subfield></datafield><datafield tag="974" ind1=" " ind2=" "><subfield code="b">HVD</subfield><subfield code="c">HVD</subfield><subfield code="d">20200227</subfield><subfield code="s">google</subfield><subfield code="u">hvd.32044010358919</subfield><subfield code="z">v.52 (1908)</subfield><subfield code="y">1908</subfield><subfield code="r">pd</subfield><subfield code="q">bib</subfield><subfield code="t">US serial item date &lt; 1927</subfield></datafield><datafield tag="974" ind1=" " ind2=" "><subfield code="b">HVD</subfield><subfield code="c">HVD</subfield><subfield code="d">20200227</subfield><subfield code="s">google</subfield><subfield code="u">hvd.32044019224559</subfield><subfield code="z">v.31 (1900)</subfield><subfield code="y">1900</subfield><subfield code="r">pd</subfield><subfield code="q">bib</subfield><subfield code="t">US serial item date &lt; 1927</subfield></datafield><datafield tag="974" ind1=" " ind2=" "><subfield code="b">HVD</subfield><subfield code="c">HVD</subfield><subfield code="d">20200227</subfield><subfield code="s">google</subfield><subfield code="u">hvd.32044021221312</subfield><subfield code="z">v.30 (1899-1900)</subfield><subfield code="y">1900</subfield><subfield code="r">pd</subfield><subfield code="q">bib</subfield><subfield code="t">US serial item date &lt; 1927</subfield></datafield><datafield tag="974" ind1=" " ind2=" "><subfield code="b">HVD</subfield><subfield code="c">HVD</subfield><subfield code="d">20200227</subfield><subfield code="s">google</subfield><subfield code="u">hvd.32044010358935</subfield><subfield code="z">v.54 (1909)</subfield><subfield code="y">1909</subfield><subfield code="r">pd</subfield><subfield code="q">bib</subfield><subfield code="t">US serial item date &lt; 1927</subfield></datafield><datafield tag="974" ind1=" " ind2=" "><subfield code="b">HVD</subfield><subfield code="c">HVD</subfield><subfield code="d">20200227</subfield><subfield code="s">google</subfield><subfield code="u">hvd.32044019982347</subfield><subfield code="z">v.47 (1907)</subfield><subfield code="y">1907</subfield><subfield code="r">pd</subfield><subfield code="q">bib</subfield><subfield code="t">US serial item date &lt; 1927</subfield></datafield><datafield tag="974" ind1=" " ind2=" "><subfield code="b">HVD</subfield><subfield code="c">HVD</subfield><subfield code="d">20200227</subfield><subfield code="s">google</subfield><subfield code="u">hvd.32044010358927</subfield><subfield code="z">v.53 (1908-09)</subfield><subfield code="y">1909</subfield><subfield code="r">pd</subfield><subfield code="q">bib</subfield><subfield code="t">US serial item date &lt; 1927</subfield></datafield><datafield tag="974" ind1=" " ind2=" "><subfield code="b">HVD</subfield><subfield code="c">HVD</subfield><subfield code="d">20200227</subfield><subfield code="s">google</subfield><subfield code="u">hvd.32044019224070</subfield><subfield code="z">v.17 (1893)</subfield><subfield code="y">1893</subfield><subfield code="r">pd</subfield><subfield code="q">bib</subfield><subfield code="t">US serial item date &lt; 1927</subfield></datafield><datafield tag="974" ind1=" " ind2=" "><subfield code="b">HVD</subfield><subfield code="c">HVD</subfield><subfield code="d">20200227</subfield><subfield code="s">google</subfield><subfield code="u">hvd.32044019307586</subfield><subfield code="z">v.20 (1895-96)</subfield><subfield code="y">1896</subfield><subfield code="r">pd</subfield><subfield code="q">bib</subfield><subfield code="t">US serial item date &lt; 1927</subfield></datafield><datafield tag="974" ind1=" " ind2=" "><subfield code="b">HVD</subfield><subfield code="c">HVD</subfield><subfield code="d">20200227</subfield><subfield code="s">google</subfield><subfield code="u">hvd.32044058155540</subfield><subfield code="z">v.42</subfield><subfield code="y">1914</subfield><subfield code="r">pd</subfield><subfield code="q">bib</subfield><subfield code="t">US bib date2 &lt; 1927</subfield></datafield><datafield tag="974" ind1=" " ind2=" "><subfield code="b">HVD</subfield><subfield code="c">HVD</subfield><subfield code="d">20200227</subfield><subfield code="s">google</subfield><subfield code="u">hvd.32044058186024</subfield><subfield code="z">v.49 (1907-08)</subfield><subfield code="y">1908</subfield><subfield code="r">pd</subfield><subfield code="q">bib</subfield><subfield code="t">US serial item date &lt; 1927</subfield></datafield><datafield tag="974" ind1=" " ind2=" "><subfield code="b">HVD</subfield><subfield code="c">HVD</subfield><subfield code="d">20200228</subfield><subfield code="s">google</subfield><subfield code="u">hvd.32044092704360</subfield><subfield code="z">v.32 (1900-01)</subfield><subfield code="y">1901</subfield><subfield code="r">pd</subfield><subfield code="q">bib</subfield><subfield code="t">US serial item date &lt; 1927</subfield></datafield><datafield tag="974" ind1=" " ind2=" "><subfield code="b">HVD</subfield><subfield code="c">HVD</subfield><subfield code="d">20200228</subfield><subfield code="s">google</subfield><subfield code="u">hvd.32044092716646</subfield><subfield code="z">v.68 (1912)</subfield><subfield code="y">1912</subfield><subfield code="r">pd</subfield><subfield code="q">bib</subfield><subfield code="t">US serial item date &lt; 1927</subfield></datafield><datafield tag="974" ind1=" " ind2=" "><subfield code="b">HVD</subfield><subfield code="c">HVD</subfield><subfield code="d">20200228</subfield><subfield code="s">google</subfield><subfield code="u">hvd.32044092716497</subfield><subfield code="z">v.48 (1907)</subfield><subfield code="y">1907</subfield><subfield code="r">pd</subfield><subfield code="q">bib</subfield><subfield code="t">US serial item date &lt; 1927</subfield></datafield><datafield tag="974" ind1=" " ind2=" "><subfield code="b">HVD</subfield><subfield code="c">HVD</subfield><subfield code="d">20200228</subfield><subfield code="s">google</subfield><subfield code="u">hvd.32044092704410</subfield><subfield code="z">v.37 (1903)</subfield><subfield code="y">1903</subfield><subfield code="r">pd</subfield><subfield code="q">bib</subfield><subfield code="t">US serial item date &lt; 1927</subfield></datafield><datafield tag="974" ind1=" " ind2=" "><subfield code="b">HVD</subfield><subfield code="c">HVD</subfield><subfield code="d">20200228</subfield><subfield code="s">google</subfield><subfield code="u">hvd.32044092704386</subfield><subfield code="z">v.34 (1901-02)</subfield><subfield code="y">1902</subfield><subfield code="r">pd</subfield><subfield code="q">bib</subfield><subfield code="t">US serial item date &lt; 1927</subfield></datafield><datafield tag="974" ind1=" " ind2=" "><subfield code="b">HVD</subfield><subfield code="c">HVD</subfield><subfield code="d">20191025</subfield><subfield code="s">google</subfield><subfield code="u">hvd.32044092704378</subfield><subfield code="z">v.33 (1901)</subfield><subfield code="y">1901</subfield><subfield code="r">pd</subfield><subfield code="q">bib</subfield><subfield code="t">US serial item date &lt; 1927</subfield></datafield><datafield tag="974" ind1=" " ind2=" "><subfield code="b">HVD</subfield><subfield code="c">HVD</subfield><subfield code="d">20200228</subfield><subfield code="s">google</subfield><subfield code="u">hvd.32044092716562</subfield><subfield code="z">v.60 (1910)</subfield><subfield code="y">1910</subfield><subfield code="r">pd</subfield><subfield code="q">bib</subfield><subfield code="t">US serial item date &lt; 1927</subfield></datafield><datafield tag="974" ind1=" " ind2=" "><subfield code="b">HVD</subfield><subfield code="c">HVD</subfield><subfield code="d">20200228</subfield><subfield code="s">google</subfield><subfield code="u">hvd.32044092704428</subfield><subfield code="z">v.39 (1904)</subfield><subfield code="y">1904</subfield><subfield code="r">pd</subfield><subfield code="q">bib</subfield><subfield code="t">US serial item date &lt; 1927</subfield></datafield><datafield tag="974" ind1=" " ind2=" "><subfield code="b">HVD</subfield><subfield code="c">HVD</subfield><subfield code="d">20200228</subfield><subfield code="s">google</subfield><subfield code="u">hvd.32044092716463</subfield><subfield code="z">v.44 (1906)</subfield><subfield code="y">1906</subfield><subfield code="r">pd</subfield><subfield code="q">bib</subfield><subfield code="t">US serial item date &lt; 1927</subfield></datafield><datafield tag="974" ind1=" " ind2=" "><subfield code="b">HVD</subfield><subfield code="c">HVD</subfield><subfield code="d">20200228</subfield><subfield code="s">google</subfield><subfield code="u">hvd.32044092704444</subfield><subfield code="z">v.41 (1905)</subfield><subfield code="y">1905</subfield><subfield code="r">pd</subfield><subfield code="q">bib</subfield><subfield code="t">US serial item date &lt; 1927</subfield></datafield><datafield tag="974" ind1=" " ind2=" "><subfield code="b">HVD</subfield><subfield code="c">HVD</subfield><subfield code="d">20200228</subfield><subfield code="s">google</subfield><subfield code="u">hvd.32044092716638</subfield><subfield code="z">v.67 (1912)</subfield><subfield code="y">1912</subfield><subfield code="r">pd</subfield><subfield code="q">bib</subfield><subfield code="t">US serial item date &lt; 1927</subfield></datafield><datafield tag="974" ind1=" " ind2=" "><subfield code="b">HVD</subfield><subfield code="c">HVD</subfield><subfield code="d">20200228</subfield><subfield code="s">google</subfield><subfield code="u">hvd.32044092716612</subfield><subfield code="z">v.65 (1911-12)</subfield><subfield code="y">1912</subfield><subfield code="r">pd</subfield><subfield code="q">bib</subfield><subfield code="t">US serial item date &lt; 1927</subfield></datafield><datafield tag="974" ind1=" " ind2=" "><subfield code="b">HVD</subfield><subfield code="c">HVD</subfield><subfield code="d">20200228</subfield><subfield code="s">google</subfield><subfield code="u">hvd.32044092716596</subfield><subfield code="z">v.63 (1911)</subfield><subfield code="y">1911</subfield><subfield code="r">pd</subfield><subfield code="q">bib</subfield><subfield code="t">US serial item date &lt; 1927</subfield></datafield><datafield tag="974" ind1=" " ind2=" "><subfield code="b">HVD</subfield><subfield code="c">HVD</subfield><subfield code="d">20200228</subfield><subfield code="s">google</subfield><subfield code="u">hvd.32044092704212</subfield><subfield code="z">v.6 (1885-86)</subfield><subfield code="y">1886</subfield><subfield code="r">pd</subfield><subfield code="q">bib</subfield><subfield code="t">US serial item date &lt; 1927</subfield></datafield><datafield tag="974" ind1=" " ind2=" "><subfield code="b">HVD</subfield><subfield code="c">HVD</subfield><subfield code="d">20200228</subfield><subfield code="s">google</subfield><subfield code="u">hvd.32044092704329</subfield><subfield code="z">v.26 (1897-98)</subfield><subfield code="y">1898</subfield><subfield code="r">pd</subfield><subfield code="q">bib</subfield><subfield code="t">US serial item date &lt; 1927</subfield></datafield><datafield tag="974" ind1=" " ind2=" "><subfield code="b">HVD</subfield><subfield code="c">HVD</subfield><subfield code="d">20200228</subfield><subfield code="s">google</subfield><subfield code="u">hvd.32044092716539</subfield><subfield code="z">v.56 (1909)</subfield><subfield code="y">1909</subfield><subfield code="r">pd</subfield><subfield code="q">bib</subfield><subfield code="t">US serial item date &lt; 1927</subfield></datafield><datafield tag="974" ind1=" " ind2=" "><subfield code="b">HVD</subfield><subfield code="c">HVD</subfield><subfield code="d">20200228</subfield><subfield code="s">google</subfield><subfield code="u">hvd.32044092704436</subfield><subfield code="z">v.40 (1904-05)</subfield><subfield code="y">1905</subfield><subfield code="r">pd</subfield><subfield code="q">bib</subfield><subfield code="t">US serial item date &lt; 1927</subfield></datafield><datafield tag="974" ind1=" " ind2=" "><subfield code="b">HVD</subfield><subfield code="c">HVD</subfield><subfield code="d">20200228</subfield><subfield code="s">google</subfield><subfield code="u">hvd.32044092704162</subfield><subfield code="z">v.1 (1880-81)</subfield><subfield code="y">1881</subfield><subfield code="r">pd</subfield><subfield code="q">bib</subfield><subfield code="t">US serial item date &lt; 1927</subfield></datafield><datafield tag="974" ind1=" " ind2=" "><subfield code="b">HVD</subfield><subfield code="c">HVD</subfield><subfield code="d">20200228</subfield><subfield code="s">google</subfield><subfield code="u">hvd.32044092704402</subfield><subfield code="z">v.36 (1902-03)</subfield><subfield code="y">1903</subfield><subfield code="r">pd</subfield><subfield code="q">bib</subfield><subfield code="t">US serial item date &lt; 1927</subfield></datafield><datafield tag="974" ind1=" " ind2=" "><subfield code="b">HVD</subfield><subfield code="c">HVD</subfield><subfield code="d">20200228</subfield><subfield code="s">google</subfield><subfield code="u">hvd.32044092716521</subfield><subfield code="z">v.55 (1909)</subfield><subfield code="y">1909</subfield><subfield code="r">pd</subfield><subfield code="q">bib</subfield><subfield code="t">US serial item date &lt; 1927</subfield></datafield><datafield tag="974" ind1=" " ind2=" "><subfield code="b">HVD</subfield><subfield code="c">HVD</subfield><subfield code="d">20200228</subfield><subfield code="s">google</subfield><subfield code="u">hvd.32044092716620</subfield><subfield code="z">v.66 (1912)</subfield><subfield code="y">1912</subfield><subfield code="r">pd</subfield><subfield code="q">bib</subfield><subfield code="t">US serial item date &lt; 1927</subfield></datafield><datafield tag="974" ind1=" " ind2=" "><subfield code="b">HVD</subfield><subfield code="c">HVD</subfield><subfield code="d">20200228</subfield><subfield code="s">google</subfield><subfield code="u">hvd.32044092716471</subfield><subfield code="z">v.45 (1906-07)</subfield><subfield code="y">1907</subfield><subfield code="r">pd</subfield><subfield code="q">bib</subfield><subfield code="t">US serial item date &lt; 1927</subfield></datafield><datafield tag="974" ind1=" " ind2=" "><subfield code="b">HVD</subfield><subfield code="c">HVD</subfield><subfield code="d">20200228</subfield><subfield code="s">google</subfield><subfield code="u">hvd.32044092716661</subfield><subfield code="z">v.70 (1913)</subfield><subfield code="y">1913</subfield><subfield code="r">pd</subfield><subfield code="q">bib</subfield><subfield code="t">US serial item date &lt; 1927</subfield></datafield><datafield tag="974" ind1=" " ind2=" "><subfield code="b">HVD</subfield><subfield code="c">HVD</subfield><subfield code="d">20200228</subfield><subfield code="s">google</subfield><subfield code="u">hvd.32044092716489</subfield><subfield code="z">v.46 (1907)</subfield><subfield code="y">1907</subfield><subfield code="r">pd</subfield><subfield code="q">bib</subfield><subfield code="t">US serial item date &lt; 1927</subfield></datafield><datafield tag="974" ind1=" " ind2=" "><subfield code="b">HVD</subfield><subfield code="c">HVD</subfield><subfield code="d">20200228</subfield><subfield code="s">google</subfield><subfield code="u">hvd.32044092704188</subfield><subfield code="z">v.3 (1882-83)</subfield><subfield code="y">1883</subfield><subfield code="r">pd</subfield><subfield code="q">bib</subfield><subfield code="t">US serial item date &lt; 1927</subfield></datafield><datafield tag="974" ind1=" " ind2=" "><subfield code="b">HVD</subfield><subfield code="c">HVD</subfield><subfield code="d">20200228</subfield><subfield code="s">google</subfield><subfield code="u">hvd.32044092704345</subfield><subfield code="z">v.28 (1898-99)</subfield><subfield code="y">1899</subfield><subfield code="r">pd</subfield><subfield code="q">bib</subfield><subfield code="t">US serial item date &lt; 1927</subfield></datafield><datafield tag="974" ind1=" " ind2=" "><subfield code="b">HVD</subfield><subfield code="c">HVD</subfield><subfield code="d">20200228</subfield><subfield code="s">google</subfield><subfield code="u">hvd.32044092704352</subfield><subfield code="z">v.29 (1899)</subfield><subfield code="y">1899</subfield><subfield code="r">pd</subfield><subfield code="q">bib</subfield><subfield code="t">US serial item date &lt; 1927</subfield></datafield><datafield tag="974" ind1=" " ind2=" "><subfield code="b">HVD</subfield><subfield code="c">HVD</subfield><subfield code="d">20200228</subfield><subfield code="s">google</subfield><subfield code="u">hvd.32044092716588</subfield><subfield code="z">v.62 (1911)</subfield><subfield code="y">1911</subfield><subfield code="r">pd</subfield><subfield code="q">bib</subfield><subfield code="t">US serial item date &lt; 1927</subfield></datafield><datafield tag="974" ind1=" " ind2=" "><subfield code="b">HVD</subfield><subfield code="c">HVD</subfield><subfield code="d">20200228</subfield><subfield code="s">google</subfield><subfield code="u">hvd.32044092704204</subfield><subfield code="z">v.5 (1884-85)</subfield><subfield code="y">1885</subfield><subfield code="r">pd</subfield><subfield code="q">bib</subfield><subfield code="t">US serial item date &lt; 1927</subfield></datafield><datafield tag="974" ind1=" " ind2=" "><subfield code="b">HVD</subfield><subfield code="c">HVD</subfield><subfield code="d">20200228</subfield><subfield code="s">google</subfield><subfield code="u">hvd.32044092704238</subfield><subfield code="z">v.10 (1889-90)</subfield><subfield code="y">1890</subfield><subfield code="r">pd</subfield><subfield code="q">bib</subfield><subfield code="t">US serial item date &lt; 1927</subfield></datafield><datafield tag="974" ind1=" " ind2=" "><subfield code="b">HVD</subfield><subfield code="c">HVD</subfield><subfield code="d">20200228</subfield><subfield code="s">google</subfield><subfield code="u">hvd.32044092704170</subfield><subfield code="z">v.2 (1881-82)</subfield><subfield code="y">1882</subfield><subfield code="r">pd</subfield><subfield code="q">bib</subfield><subfield code="t">US serial item date &lt; 1927</subfield></datafield><datafield tag="974" ind1=" " ind2=" "><subfield code="b">HVD</subfield><subfield code="c">HVD</subfield><subfield code="d">20200228</subfield><subfield code="s">google</subfield><subfield code="u">hvd.32044092716505</subfield><subfield code="z">v.50 (1908)</subfield><subfield code="y">1908</subfield><subfield code="r">pd</subfield><subfield code="q">bib</subfield><subfield code="t">US serial item date &lt; 1927</subfield></datafield><datafield tag="974" ind1=" " ind2=" "><subfield code="b">HVD</subfield><subfield code="c">HVD</subfield><subfield code="d">20200229</subfield><subfield code="s">google</subfield><subfield code="u">hvd.32044099730004</subfield><subfield code="z">v.12 (1890-91)</subfield><subfield code="y">1891</subfield><subfield code="r">pd</subfield><subfield code="q">bib</subfield><subfield code="t">US serial item date &lt; 1927</subfield></datafield><datafield tag="974" ind1=" " ind2=" "><subfield code="b">HVD</subfield><subfield code="c">HVD</subfield><subfield code="d">20200228</subfield><subfield code="s">google</subfield><subfield code="u">hvd.32044092704295</subfield><subfield code="z">v.23 (1896)</subfield><subfield code="y">1896</subfield><subfield code="r">pd</subfield><subfield code="q">bib</subfield><subfield code="t">US serial item date &lt; 1927</subfield></datafield><datafield tag="974" ind1=" " ind2=" "><subfield code="b">HVD</subfield><subfield code="c">HVD</subfield><subfield code="d">20200228</subfield><subfield code="s">google</subfield><subfield code="u">hvd.32044092716570</subfield><subfield code="z">v.61 (1910-11)</subfield><subfield code="y">1911</subfield><subfield code="r">pd</subfield><subfield code="q">bib</subfield><subfield code="t">US serial item date &lt; 1927</subfield></datafield><datafield tag="974" ind1=" " ind2=" "><subfield code="b">HVD</subfield><subfield code="c">HVD</subfield><subfield code="d">20200228</subfield><subfield code="s">google</subfield><subfield code="u">hvd.32044092716513</subfield><subfield code="z">v.51 (1908)</subfield><subfield code="y">1908</subfield><subfield code="r">pd</subfield><subfield code="q">bib</subfield><subfield code="t">US serial item date &lt; 1927</subfield></datafield><datafield tag="974" ind1=" " ind2=" "><subfield code="b">HVD</subfield><subfield code="c">HVD</subfield><subfield code="d">20200228</subfield><subfield code="s">google</subfield><subfield code="u">hvd.32044092704196</subfield><subfield code="z">v.4 (1883-84)</subfield><subfield code="y">1884</subfield><subfield code="r">pd</subfield><subfield code="q">bib</subfield><subfield code="t">US serial item date &lt; 1927</subfield></datafield><datafield tag="974" ind1=" " ind2=" "><subfield code="b">HVD</subfield><subfield code="c">HVD</subfield><subfield code="d">20200228</subfield><subfield code="s">google</subfield><subfield code="u">hvd.32044092716653</subfield><subfield code="z">v.69 (1912-13)</subfield><subfield code="y">1913</subfield><subfield code="r">pd</subfield><subfield code="q">bib</subfield><subfield code="t">US serial item date &lt; 1927</subfield></datafield><datafield tag="974" ind1=" " ind2=" "><subfield code="b">HVD</subfield><subfield code="c">HVD</subfield><subfield code="d">20200228</subfield><subfield code="s">google</subfield><subfield code="u">hvd.32044092716547</subfield><subfield code="z">v.57 (1909-10)</subfield><subfield code="y">1910</subfield><subfield code="r">pd</subfield><subfield code="q">bib</subfield><subfield code="t">US serial item date &lt; 1927</subfield></datafield><datafield tag="974" ind1=" " ind2=" "><subfield code="b">HVD</subfield><subfield code="c">HVD</subfield><subfield code="d">20200228</subfield><subfield code="s">google</subfield><subfield code="u">hvd.32044092716604</subfield><subfield code="z">v.64 (1911)</subfield><subfield code="y">1911</subfield><subfield code="r">pd</subfield><subfield code="q">bib</subfield><subfield code="t">US serial item date &lt; 1927</subfield></datafield><datafield tag="974" ind1=" " ind2=" "><subfield code="b">HVD</subfield><subfield code="c">HVD</subfield><subfield code="d">20200228</subfield><subfield code="s">google</subfield><subfield code="u">hvd.32044092704394</subfield><subfield code="z">v.35 (1902)</subfield><subfield code="y">1902</subfield><subfield code="r">pd</subfield><subfield code="q">bib</subfield><subfield code="t">US serial item date &lt; 1927</subfield></datafield><datafield tag="974" ind1=" " ind2=" "><subfield code="b">UIU</subfield><subfield code="c">UIUC</subfield><subfield code="d">20190726</subfield><subfield code="s">google</subfield><subfield code="u">uiug.30112065542349</subfield><subfield code="z">v.26(1897-1898)</subfield><subfield code="y">1898</subfield><subfield code="r">pd</subfield><subfield code="q">bib</subfield><subfield code="t">US serial item date &lt; 1927</subfield></datafield><datafield tag="974" ind1=" " ind2=" "><subfield code="b">UIU</subfield><subfield code="c">UIUC</subfield><subfield code="d">20190322</subfield><subfield code="s">google</subfield><subfield code="u">uiug.30112110967681</subfield><subfield code="z">v.9(1888-1889)</subfield><subfield code="y">1889</subfield><subfield code="r">pd</subfield><subfield code="q">bib</subfield><subfield code="t">US serial item date &lt; 1927</subfield></datafield><datafield tag="974" ind1=" " ind2=" "><subfield code="b">UIU</subfield><subfield code="c">UIUC</subfield><subfield code="d">20200109</subfield><subfield code="s">google</subfield><subfield code="u">uiug.30112047101842</subfield><subfield code="z">v.14(1891-1892)</subfield><subfield code="y">1892</subfield><subfield code="r">pd</subfield><subfield code="q">bib</subfield><subfield code="t">US serial item date &lt; 1927</subfield></datafield><datafield tag="974" ind1=" " ind2=" "><subfield code="b">UIU</subfield><subfield code="c">UIUC</subfield><subfield code="d">20201015</subfield><subfield code="s">google</subfield><subfield code="u">uiug.30112110967814</subfield><subfield code="z">v.41(1905)</subfield><subfield code="y">1905</subfield><subfield code="r">pd</subfield><subfield code="q">bib</subfield><subfield code="t">US serial item date &lt; 1927</subfield></datafield><datafield tag="974" ind1=" " ind2=" "><subfield code="b">UIU</subfield><subfield code="c">UIUC</subfield><subfield code="d">20180314</subfield><subfield code="s">google</subfield><subfield code="u">uiug.30112041759207</subfield><subfield code="z">v.54-55(1909)</subfield><subfield code="y">1909</subfield><subfield code="r">pd</subfield><subfield code="q">bib</subfield><subfield code="t">US serial item date &lt; 1927</subfield></datafield><datafield tag="974" ind1=" " ind2=" "><subfield code="b">UIU</subfield><subfield code="c">UIUC</subfield><subfield code="d">20180314</subfield><subfield code="s">google</subfield><subfield code="u">uiug.30112041759231</subfield><subfield code="z">v.56-57(1909-1910)</subfield><subfield code="y">1910</subfield><subfield code="r">pd</subfield><subfield code="q">bib</subfield><subfield code="t">US serial item date &lt; 1927</subfield></datafield><datafield tag="974" ind1=" " ind2=" "><subfield code="b">UIU</subfield><subfield code="c">UIUC</subfield><subfield code="d">20180314</subfield><subfield code="s">google</subfield><subfield code="u">uiug.30112041759264</subfield><subfield code="z">v.58-59(1910)</subfield><subfield code="y">1910</subfield><subfield code="r">pd</subfield><subfield code="q">bib</subfield><subfield code="t">US serial item date &lt; 1927</subfield></datafield><datafield tag="974" ind1=" " ind2=" "><subfield code="b">UIU</subfield><subfield code="c">UIUC</subfield><subfield code="d">20180314</subfield><subfield code="s">google</subfield><subfield code="u">uiug.30112041759280</subfield><subfield code="z">v.62-63(1911)</subfield><subfield code="y">1911</subfield><subfield code="r">pd</subfield><subfield code="q">bib</subfield><subfield code="t">US serial item date &lt; 1927</subfield></datafield><datafield tag="974" ind1=" " ind2=" "><subfield code="b">UIU</subfield><subfield code="c">UIUC</subfield><subfield code="d">20180314</subfield><subfield code="s">google</subfield><subfield code="u">uiug.30112041759314</subfield><subfield code="z">v.64-65(1911-1912)</subfield><subfield code="y">1912</subfield><subfield code="r">pd</subfield><subfield code="q">bib</subfield><subfield code="t">US serial item date &lt; 1927</subfield></datafield><datafield tag="974" ind1=" " ind2=" "><subfield code="b">UIU</subfield><subfield code="c">UIUC</subfield><subfield code="d">20180314</subfield><subfield code="s">google</subfield><subfield code="u">uiug.30112041759348</subfield><subfield code="z">v.66-67(1912)</subfield><subfield code="y">1912</subfield><subfield code="r">pd</subfield><subfield code="q">bib</subfield><subfield code="t">US serial item date &lt; 1927</subfield></datafield><datafield tag="974" ind1=" " ind2=" "><subfield code="b">UIU</subfield><subfield code="c">UIUC</subfield><subfield code="d">20180314</subfield><subfield code="s">google</subfield><subfield code="u">uiug.30112041759363</subfield><subfield code="z">v.68-69(1912-1913)</subfield><subfield code="y">1913</subfield><subfield code="r">pd</subfield><subfield code="q">bib</subfield><subfield code="t">US serial item date &lt; 1927</subfield></datafield><datafield tag="974" ind1=" " ind2=" "><subfield code="b">UIU</subfield><subfield code="c">UIUC</subfield><subfield code="d">20180314</subfield><subfield code="s">google</subfield><subfield code="u">uiug.30112073742519</subfield><subfield code="z">v.10(1889-1890)</subfield><subfield code="y">1890</subfield><subfield code="r">pd</subfield><subfield code="q">bib</subfield><subfield code="t">US serial item date &lt; 1927</subfield></datafield><datafield tag="974" ind1=" " ind2=" "><subfield code="b">UIU</subfield><subfield code="c">UIUC</subfield><subfield code="d">20180314</subfield><subfield code="s">google</subfield><subfield code="u">uiug.30112100652962</subfield><subfield code="z">v.26(1897-1898)</subfield><subfield code="y">1898</subfield><subfield code="r">pd</subfield><subfield code="q">bib</subfield><subfield code="t">US serial item date &lt; 1927</subfield></datafield><datafield tag="974" ind1=" " ind2=" "><subfield code="b">UIU</subfield><subfield code="c">UIUC</subfield><subfield code="d">20180314</subfield><subfield code="s">google</subfield><subfield code="u">uiug.30112100653143</subfield><subfield code="z">v.36(1902-1903)</subfield><subfield code="y">1903</subfield><subfield code="r">pd</subfield><subfield code="q">bib</subfield><subfield code="t">US serial item date &lt; 1927</subfield></datafield><datafield tag="974" ind1=" " ind2=" "><subfield code="b">UIU</subfield><subfield code="c">UIUC</subfield><subfield code="d">20180314</subfield><subfield code="s">google</subfield><subfield code="u">uiug.30112100653176</subfield><subfield code="z">v.42(1905-1906)</subfield><subfield code="y">1906</subfield><subfield code="r">pd</subfield><subfield code="q">bib</subfield><subfield code="t">US serial item date &lt; 1927</subfield></datafield><datafield tag="974" ind1=" " ind2=" "><subfield code="b">UIU</subfield><subfield code="c">UIUC</subfield><subfield code="d">20200726</subfield><subfield code="s">google</subfield><subfield code="u">uiug.30112051809165</subfield><subfield code="z">v.8(1887-1888)</subfield><subfield code="y">1888</subfield><subfield code="r">pd</subfield><subfield code="q">bib</subfield><subfield code="t">US serial item date &lt; 1927</subfield></datafield><datafield tag="974" ind1=" " ind2=" "><subfield code="b">UIU</subfield><subfield code="c">UIUC</subfield><subfield code="d">20190206</subfield><subfield code="s">google</subfield><subfield code="u">uiug.30112110967822</subfield><subfield code="z">v.42(1905-1906)</subfield><subfield code="y">1906</subfield><subfield code="r">pd</subfield><subfield code="q">bib</subfield><subfield code="t">US serial item date &lt; 1927</subfield></datafield><datafield tag="974" ind1=" " ind2=" "><subfield code="b">UIU</subfield><subfield code="c">UIUC</subfield><subfield code="d">20190424</subfield><subfield code="s">google</subfield><subfield code="u">uiug.30112037927487</subfield><subfield code="z">v.16(1892-1893)</subfield><subfield code="y">1893</subfield><subfield code="r">pd</subfield><subfield code="q">bib</subfield><subfield code="t">US serial item date &lt; 1927</subfield></datafield><datafield tag="974" ind1=" " ind2=" "><subfield code="b">UIU</subfield><subfield code="c">UIUC</subfield><subfield code="d">20190424</subfield><subfield code="s">google</subfield><subfield code="u">uiug.30112038006067</subfield><subfield code="z">v.36(1902-1903)</subfield><subfield code="y">1903</subfield><subfield code="r">pd</subfield><subfield code="q">bib</subfield><subfield code="t">US serial item date &lt; 1927</subfield></datafield><datafield tag="974" ind1=" " ind2=" "><subfield code="b">UIU</subfield><subfield code="c">UIUC</subfield><subfield code="d">20190424</subfield><subfield code="s">google</subfield><subfield code="u">uiug.30112110967699</subfield><subfield code="z">v.10(1889-1890)</subfield><subfield code="y">1890</subfield><subfield code="r">pd</subfield><subfield code="q">bib</subfield><subfield code="t">US serial item date &lt; 1927</subfield></datafield><datafield tag="974" ind1=" " ind2=" "><subfield code="b">UIU</subfield><subfield code="c">UIUC</subfield><subfield code="d">20200116</subfield><subfield code="s">google</subfield><subfield code="u">uiug.30112110967715</subfield><subfield code="z">v.7(1886-1887)</subfield><subfield code="y">1887</subfield><subfield code="r">pd</subfield><subfield code="q">bib</subfield><subfield code="t">US serial item date &lt; 1927</subfield></datafield><datafield tag="974" ind1=" " ind2=" "><subfield code="b">MIU</subfield><subfield code="c">MIU</subfield><subfield code="d">20210925</subfield><subfield code="s">google</subfield><subfield code="u">mdp.39015008268461</subfield><subfield code="z">v.1 1880-1881</subfield><subfield code="y">1881</subfield><subfield code="r">pd</subfield><subfield code="q">bib</subfield><subfield code="t">US serial item date &lt; 1927</subfield></datafield><datafield tag="974" ind1=" " ind2=" "><subfield code="b">MIU</subfield><subfield code="c">MIU</subfield><subfield code="d">20210925</subfield><subfield code="s">google</subfield><subfield code="u">mdp.39015006952140</subfield><subfield code="z">v.2 1881-1882</subfield><subfield code="y">1882</subfield><subfield code="r">pd</subfield><subfield code="q">bib</subfield><subfield code="t">US serial item date &lt; 1927</subfield></datafield><datafield tag="974" ind1=" " ind2=" "><subfield code="b">MIU</subfield><subfield code="c">MIU</subfield><subfield code="d">20210929</subfield><subfield code="s">google</subfield><subfield code="u">mdp.39015006952132</subfield><subfield code="z">v.3 1882/1883</subfield><subfield code="y">1883</subfield><subfield code="r">pd</subfield><subfield code="q">bib</subfield><subfield code="t">US serial item date &lt; 1927</subfield></datafield><datafield tag="974" ind1=" " ind2=" "><subfield code="b">MIU</subfield><subfield code="c">MIU</subfield><subfield code="d">20210929</subfield><subfield code="s">google</subfield><subfield code="u">mdp.39015006952124</subfield><subfield code="z">v.4 1883-1884 Oct-Jul</subfield><subfield code="y">1884</subfield><subfield code="r">pd</subfield><subfield code="q">bib</subfield><subfield code="t">US serial item date &lt; 1927</subfield></datafield><datafield tag="974" ind1=" " ind2=" "><subfield code="b">MIU</subfield><subfield code="c">MIU</subfield><subfield code="d">20210925</subfield><subfield code="s">google</subfield><subfield code="u">mdp.39015006952116</subfield><subfield code="z">v.5 1884-1885 Oct-Jul</subfield><subfield code="y">1885</subfield><subfield code="r">pd</subfield><subfield code="q">bib</subfield><subfield code="t">US serial item date &lt; 1927</subfield></datafield><datafield tag="974" ind1=" " ind2=" "><subfield code="b">MIU</subfield><subfield code="c">MIU</subfield><subfield code="d">20210924</subfield><subfield code="s">google</subfield><subfield code="u">mdp.39015006952108</subfield><subfield code="z">v.6 1885-1886 Oct-Jul</subfield><subfield code="y">1886</subfield><subfield code="r">pd</subfield><subfield code="q">bib</subfield><subfield code="t">US serial item date &lt; 1927</subfield></datafield><datafield tag="974" ind1=" " ind2=" "><subfield code="b">MIU</subfield><subfield code="c">MIU</subfield><subfield code="d">20210917</subfield><subfield code="s">google</subfield><subfield code="u">mdp.39015014693157</subfield><subfield code="z">v.7 1886/1887 Oct-Jul</subfield><subfield code="y">1887</subfield><subfield code="r">pd</subfield><subfield code="q">bib</subfield><subfield code="t">US serial item date &lt; 1927</subfield></datafield><datafield tag="974" ind1=" " ind2=" "><subfield code="b">MIU</subfield><subfield code="c">MIU</subfield><subfield code="d">20210917</subfield><subfield code="s">google</subfield><subfield code="u">mdp.39015027444895</subfield><subfield code="z">v.9 1888-1889 Oct-Jul</subfield><subfield code="y">1889</subfield><subfield code="r">pd</subfield><subfield code="q">bib</subfield><subfield code="t">US serial item date &lt; 1927</subfield></datafield><datafield tag="974" ind1=" " ind2=" "><subfield code="b">MIU</subfield><subfield code="c">MIU</subfield><subfield code="d">20210924</subfield><subfield code="s">google</subfield><subfield code="u">mdp.39015021778850</subfield><subfield code="z">v.11 1890 Apr-Sep</subfield><subfield code="y">1890</subfield><subfield code="r">pd</subfield><subfield code="q">bib</subfield><subfield code="t">US serial item date &lt; 1927</subfield></datafield><datafield tag="974" ind1=" " ind2=" "><subfield code="b">MIU</subfield><subfield code="c">MIU</subfield><subfield code="d">20210917</subfield><subfield code="s">google</subfield><subfield code="u">mdp.39015024575204</subfield><subfield code="z">v.14 1891-92 Oct-Mar</subfield><subfield code="y">1892</subfield><subfield code="r">pd</subfield><subfield code="q">bib</subfield><subfield code="t">US serial item date &lt; 1927</subfield></datafield><datafield tag="974" ind1=" " ind2=" "><subfield code="b">MIU</subfield><subfield code="c">MIU</subfield><subfield code="d">20210924</subfield><subfield code="s">google</subfield><subfield code="u">mdp.39015009215818</subfield><subfield code="z">v.16 1893 Oct-Mar</subfield><subfield code="y">1893</subfield><subfield code="r">pd</subfield><subfield code="q">bib</subfield><subfield code="t">US serial item date &lt; 1927</subfield></datafield><datafield tag="974" ind1=" " ind2=" "><subfield code="b">MIU</subfield><subfield code="c">MIU</subfield><subfield code="d">20210929</subfield><subfield code="s">google</subfield><subfield code="u">mdp.39015016434626</subfield><subfield code="z">v.17 1893 Apr-Sep</subfield><subfield code="y">1893</subfield><subfield code="r">pd</subfield><subfield code="q">bib</subfield><subfield code="t">US serial item date &lt; 1927</subfield></datafield><datafield tag="974" ind1=" " ind2=" "><subfield code="b">MIU</subfield><subfield code="c">MIU</subfield><subfield code="d">20210929</subfield><subfield code="s">google</subfield><subfield code="u">mdp.39015016434634</subfield><subfield code="z">v.18 1894 Oct-Mar</subfield><subfield code="y">1894</subfield><subfield code="r">pd</subfield><subfield code="q">bib</subfield><subfield code="t">US serial item date &lt; 1927</subfield></datafield><datafield tag="974" ind1=" " ind2=" "><subfield code="b">MIU</subfield><subfield code="c">MIU</subfield><subfield code="d">20210921</subfield><subfield code="s">google</subfield><subfield code="u">mdp.39015030680469</subfield><subfield code="z">v.19 1894 Apr-Sept</subfield><subfield code="y">1894</subfield><subfield code="r">pd</subfield><subfield code="q">bib</subfield><subfield code="t">US serial item date &lt; 1927</subfield></datafield><datafield tag="974" ind1=" " ind2=" "><subfield code="b">MIU</subfield><subfield code="c">MIU</subfield><subfield code="d">20210820</subfield><subfield code="s">google</subfield><subfield code="u">mdp.39015028043092</subfield><subfield code="z">v.27 1898 Apr-Sep</subfield><subfield code="y">1898</subfield><subfield code="r">pd</subfield><subfield code="q">bib</subfield><subfield code="t">US serial item date &lt; 1927</subfield></datafield><datafield tag="974" ind1=" " ind2=" "><subfield code="b">MIU</subfield><subfield code="c">MIU</subfield><subfield code="d">20210820</subfield><subfield code="s">google</subfield><subfield code="u">mdp.39015012369644</subfield><subfield code="z">v.30 1899-1900 Oct-Mar</subfield><subfield code="y">1900</subfield><subfield code="r">pd</subfield><subfield code="q">bib</subfield><subfield code="t">US serial item date &lt; 1927</subfield></datafield><datafield tag="974" ind1=" " ind2=" "><subfield code="b">MIU</subfield><subfield code="c">MIU</subfield><subfield code="d">20210925</subfield><subfield code="s">google</subfield><subfield code="u">mdp.39015020919059</subfield><subfield code="z">v.32 1900-1901 Oct-Mar</subfield><subfield code="y">1901</subfield><subfield code="r">pd</subfield><subfield code="q">bib</subfield><subfield code="t">US serial item date &lt; 1927</subfield></datafield><datafield tag="974" ind1=" " ind2=" "><subfield code="b">MIU</subfield><subfield code="c">MIU</subfield><subfield code="d">20210928</subfield><subfield code="s">google</subfield><subfield code="u">mdp.39015013151306</subfield><subfield code="z">v.34 1901-02 Oct-Mar</subfield><subfield code="y">1902</subfield><subfield code="r">pd</subfield><subfield code="q">bib</subfield><subfield code="t">US serial item date &lt; 1927</subfield></datafield><datafield tag="974" ind1=" " ind2=" "><subfield code="b">MIU</subfield><subfield code="c">MIU</subfield><subfield code="d">20220222</subfield><subfield code="s">google</subfield><subfield code="u">mdp.39015024459466</subfield><subfield code="z">v.38 1903-4 Sep-Feb</subfield><subfield code="y">1904</subfield><subfield code="r">pd</subfield><subfield code="q">bib</subfield><subfield code="t">US serial item date &lt; 1927</subfield></datafield><datafield tag="974" ind1=" " ind2=" "><subfield code="b">MIU</subfield><subfield code="c">MIU</subfield><subfield code="d">20220222</subfield><subfield code="s">google</subfield><subfield code="u">mdp.39015030041639</subfield><subfield code="z">v.39 1904 Mar-Aug</subfield><subfield code="y">1904</subfield><subfield code="r">pd</subfield><subfield code="q">bib</subfield><subfield code="t">US serial item date &lt; 1927</subfield></datafield><datafield tag="974" ind1=" " ind2=" "><subfield code="b">MIU</subfield><subfield code="c">MIU</subfield><subfield code="d">20210925</subfield><subfield code="s">google</subfield><subfield code="u">mdp.39015011433573</subfield><subfield code="z">v.41 1905</subfield><subfield code="y">1905</subfield><subfield code="r">pd</subfield><subfield code="q">bib</subfield><subfield code="t">US serial item date &lt; 1927</subfield></datafield><datafield tag="974" ind1=" " ind2=" "><subfield code="b">MIU</subfield><subfield code="c">MIU</subfield><subfield code="d">20210929</subfield><subfield code="s">google</subfield><subfield code="u">mdp.39015021039576</subfield><subfield code="z">v.49-50 1907-1908 Dec-May</subfield><subfield code="y">1908</subfield><subfield code="r">pd</subfield><subfield code="q">bib</subfield><subfield code="t">US serial item date &lt; 1927</subfield></datafield><datafield tag="974" ind1=" " ind2=" "><subfield code="b">MIU</subfield><subfield code="c">MIU</subfield><subfield code="d">20210820</subfield><subfield code="s">google</subfield><subfield code="u">mdp.39015027429730</subfield><subfield code="z">v.59-60 1910 Jun-Nov</subfield><subfield code="y">1910</subfield><subfield code="r">pd</subfield><subfield code="q">bib</subfield><subfield code="t">US serial item date &lt; 1927</subfield></datafield><datafield tag="974" ind1=" " ind2=" "><subfield code="b">MIU</subfield><subfield code="c">MIU</subfield><subfield code="d">20210928</subfield><subfield code="s">google</subfield><subfield code="u">mdp.39015006977121</subfield><subfield code="z">v.65-66 1911-1912 Dec-May</subfield><subfield code="y">1912</subfield><subfield code="r">pd</subfield><subfield code="q">bib</subfield><subfield code="t">US serial item date &lt; 1927</subfield></datafield><datafield tag="974" ind1=" " ind2=" "><subfield code="b">MIU</subfield><subfield code="c">MIU</subfield><subfield code="d">20210928</subfield><subfield code="s">google</subfield><subfield code="u">mdp.39015008268420</subfield><subfield code="z">v.67-68 1912 Jun-Nov</subfield><subfield code="y">1912</subfield><subfield code="r">pd</subfield><subfield code="q">bib</subfield><subfield code="t">US serial item date &lt; 1927</subfield></datafield><datafield tag="974" ind1=" " ind2=" "><subfield code="b">MIU</subfield><subfield code="c">MIU</subfield><subfield code="d">20210928</subfield><subfield code="s">google</subfield><subfield code="u">mdp.39015008268412</subfield><subfield code="z">v.69-70 1912-13 Dec-May</subfield><subfield code="y">1913</subfield><subfield code="r">pd</subfield><subfield code="q">bib</subfield><subfield code="t">US serial item date &lt; 1927</subfield></datafield><datafield tag="974" ind1=" " ind2=" "><subfield code="b">MIU</subfield><subfield code="c">MIU</subfield><subfield code="d">20210925</subfield><subfield code="s">google</subfield><subfield code="u">mdp.39015008268453</subfield><subfield code="z">v.71</subfield><subfield code="y">1914</subfield><subfield code="r">pd</subfield><subfield code="q">bib</subfield><subfield code="t">US bib date2 &lt; 1927</subfield></datafield><datafield tag="974" ind1=" " ind2=" "><subfield code="b">MIU</subfield><subfield code="c">MIU</subfield><subfield code="d">20210928</subfield><subfield code="s">google</subfield><subfield code="u">mdp.39015008268438</subfield><subfield code="z">v.72 1913-14</subfield><subfield code="y">1914</subfield><subfield code="r">pd</subfield><subfield code="q">bib</subfield><subfield code="t">US serial item date &lt; 1927</subfield></datafield><datafield tag="974" ind1=" " ind2=" "><subfield code="b">MIU</subfield><subfield code="c">MIU</subfield><subfield code="d">20210929</subfield><subfield code="s">google</subfield><subfield code="u">mdp.39015036868092</subfield><subfield code="z">v.26 1897-1898 Oct-Mar</subfield><subfield code="y">1898</subfield><subfield code="r">pd</subfield><subfield code="q">bib</subfield><subfield code="t">US serial item date &lt; 1927</subfield></datafield><datafield tag="974" ind1=" " ind2=" "><subfield code="b">MIU</subfield><subfield code="c">MIU</subfield><subfield code="d">20210917</subfield><subfield code="s">google</subfield><subfield code="u">mdp.39015036917360</subfield><subfield code="z">v.21 1895 Apr-Sep</subfield><subfield code="y">1895</subfield><subfield code="r">pd</subfield><subfield code="q">bib</subfield><subfield code="t">US serial item date &lt; 1927</subfield></datafield><datafield tag="974" ind1=" " ind2=" "><subfield code="b">MIU</subfield><subfield code="c">MIU</subfield><subfield code="d">20210917</subfield><subfield code="s">google</subfield><subfield code="u">mdp.39015058394795</subfield><subfield code="z">v.51-52 1908 Jun-Nov</subfield><subfield code="y">1908</subfield><subfield code="r">pd</subfield><subfield code="q">bib</subfield><subfield code="t">US serial item date &lt; 1927</subfield></datafield><datafield tag="974" ind1=" " ind2=" "><subfield code="b">MIU</subfield><subfield code="c">MIU</subfield><subfield code="d">20210929</subfield><subfield code="s">google</subfield><subfield code="u">mdp.39015058472781</subfield><subfield code="z">v.42 1905-1906</subfield><subfield code="y">1906</subfield><subfield code="r">pd</subfield><subfield code="q">bib</subfield><subfield code="t">US serial item date &lt; 1927</subfield></datafield><datafield tag="974" ind1=" " ind2=" "><subfield code="b">MIU</subfield><subfield code="c">MIU</subfield><subfield code="d">20210928</subfield><subfield code="s">google</subfield><subfield code="u">mdp.39015059668619</subfield><subfield code="z">v.33 1901 Apr-Sept</subfield><subfield code="y">1901</subfield><subfield code="r">pd</subfield><subfield code="q">bib</subfield><subfield code="t">US serial item date &lt; 1927</subfield></datafield><datafield tag="974" ind1=" " ind2=" "><subfield code="b">MIU</subfield><subfield code="c">MIU</subfield><subfield code="d">20210929</subfield><subfield code="s">google</subfield><subfield code="u">mdp.39015059668601</subfield><subfield code="z">v.35 1902 Apr-Sept</subfield><subfield code="y">1902</subfield><subfield code="r">pd</subfield><subfield code="q">bib</subfield><subfield code="t">US serial item date &lt; 1927</subfield></datafield><datafield tag="974" ind1=" " ind2=" "><subfield code="b">MIU</subfield><subfield code="c">MIU</subfield><subfield code="d">20210928</subfield><subfield code="s">google</subfield><subfield code="u">mdp.39015059656796</subfield><subfield code="z">v.61-62 1910-1911 Dec-May</subfield><subfield code="y">1911</subfield><subfield code="r">pd</subfield><subfield code="q">bib</subfield><subfield code="t">US serial item date &lt; 1927</subfield></datafield><datafield tag="974" ind1=" " ind2=" "><subfield code="b">MIU</subfield><subfield code="c">MIU</subfield><subfield code="d">20210929</subfield><subfield code="s">google</subfield><subfield code="u">mdp.39015063755071</subfield><subfield code="z">v.44 1906 Sep-Nov</subfield><subfield code="y">1906</subfield><subfield code="r">pd</subfield><subfield code="q">bib</subfield><subfield code="t">US serial item date &lt; 1927</subfield></datafield><datafield tag="974" ind1=" " ind2=" "><subfield code="b">MIU</subfield><subfield code="c">MIU</subfield><subfield code="d">20220101</subfield><subfield code="s">google</subfield><subfield code="u">mdp.39015063754769</subfield><subfield code="z">v.45-46 1906-1907 Dec-May</subfield><subfield code="y">1907</subfield><subfield code="r">pd</subfield><subfield code="q">bib</subfield><subfield code="t">US serial item date &lt; 1927</subfield></datafield><datafield tag="974" ind1=" " ind2=" "><subfield code="b">MIU</subfield><subfield code="c">MIU</subfield><subfield code="d">20220101</subfield><subfield code="s">google</subfield><subfield code="u">mdp.39015063754918</subfield><subfield code="z">v.47-48 1907 Jun-Nov</subfield><subfield code="y">1907</subfield><subfield code="r">pd</subfield><subfield code="q">bib</subfield><subfield code="t">US serial item date &lt; 1927</subfield></datafield><datafield tag="974" ind1=" " ind2=" "><subfield code="b">MIU</subfield><subfield code="c">MIU</subfield><subfield code="d">20211110</subfield><subfield code="s">google</subfield><subfield code="u">mdp.39015063755063</subfield><subfield code="z">v.53-54 1908-1909 Dec-May</subfield><subfield code="y">1909</subfield><subfield code="r">pd</subfield><subfield code="q">bib</subfield><subfield code="t">US serial item date &lt; 1927</subfield></datafield><datafield tag="974" ind1=" " ind2=" "><subfield code="b">MIU</subfield><subfield code="c">MIU</subfield><subfield code="d">20220101</subfield><subfield code="s">google</subfield><subfield code="u">mdp.39015063754751</subfield><subfield code="z">v.55-56 1909 Jun-Nov</subfield><subfield code="y">1909</subfield><subfield code="r">pd</subfield><subfield code="q">bib</subfield><subfield code="t">US serial item date &lt; 1927</subfield></datafield><datafield tag="974" ind1=" " ind2=" "><subfield code="b">MIU</subfield><subfield code="c">MIU</subfield><subfield code="d">20210917</subfield><subfield code="s">google</subfield><subfield code="u">mdp.39015063754744</subfield><subfield code="z">v.57-58 1909-1910 Dec-May</subfield><subfield code="y">1910</subfield><subfield code="r">pd</subfield><subfield code="q">bib</subfield><subfield code="t">US serial item date &lt; 1927</subfield></datafield><datafield tag="974" ind1=" " ind2=" "><subfield code="b">MIU</subfield><subfield code="c">MIU</subfield><subfield code="d">20210925</subfield><subfield code="s">google</subfield><subfield code="u">mdp.39015063754900</subfield><subfield code="z">v.63-64 1911 Jun-Nov</subfield><subfield code="y">1911</subfield><subfield code="r">pd</subfield><subfield code="q">bib</subfield><subfield code="t">US serial item date &lt; 1927</subfield></datafield><datafield tag="974" ind1=" " ind2=" "><subfield code="b">MIU</subfield><subfield code="c">MIU</subfield><subfield code="d">20210921</subfield><subfield code="s">google</subfield><subfield code="u">mdp.39015074638662</subfield><subfield code="z">v.10 1889-1890 Oct-Mar</subfield><subfield code="y">1890</subfield><subfield code="r">pd</subfield><subfield code="q">bib</subfield><subfield code="t">US serial item date &lt; 1927</subfield></datafield><datafield tag="974" ind1=" " ind2=" "><subfield code="b">MIU</subfield><subfield code="c">MIU</subfield><subfield code="d">20210924</subfield><subfield code="s">google</subfield><subfield code="u">mdp.39015074638654</subfield><subfield code="z">v.12 1890-1891 Oct-Mar</subfield><subfield code="y">1891</subfield><subfield code="r">pd</subfield><subfield code="q">bib</subfield><subfield code="t">US serial item date &lt; 1927</subfield></datafield><datafield tag="974" ind1=" " ind2=" "><subfield code="b">MIU</subfield><subfield code="c">MIU</subfield><subfield code="d">20210917</subfield><subfield code="s">google</subfield><subfield code="u">mdp.39015074638647</subfield><subfield code="z">v.13 1891 Apr-Sep</subfield><subfield code="y">1891</subfield><subfield code="r">pd</subfield><subfield code="q">bib</subfield><subfield code="t">US serial item date &lt; 1927</subfield></datafield><datafield tag="974" ind1=" " ind2=" "><subfield code="b">MIU</subfield><subfield code="c">MIU</subfield><subfield code="d">20220222</subfield><subfield code="s">google</subfield><subfield code="u">mdp.39015074638639</subfield><subfield code="z">v.15 1892 Apr-Sep</subfield><subfield code="y">1892</subfield><subfield code="r">pd</subfield><subfield code="q">bib</subfield><subfield code="t">US serial item date &lt; 1927</subfield></datafield><datafield tag="974" ind1=" " ind2=" "><subfield code="b">MIU</subfield><subfield code="c">MIU</subfield><subfield code="d">20220323</subfield><subfield code="s">google</subfield><subfield code="u">mdp.39015074638621</subfield><subfield code="z">v.20 1894-1895 Oct-Mar</subfield><subfield code="y">1895</subfield><subfield code="r">pd</subfield><subfield code="q">bib</subfield><subfield code="t">US serial item date &lt; 1927</subfield></datafield><datafield tag="974" ind1=" " ind2=" "><subfield code="b">MIU</subfield><subfield code="c">MIU</subfield><subfield code="d">20220222</subfield><subfield code="s">google</subfield><subfield code="u">mdp.39015074638613</subfield><subfield code="z">v.22 1895-1896 Oct-Mar</subfield><subfield code="y">1896</subfield><subfield code="r">pd</subfield><subfield code="q">bib</subfield><subfield code="t">US serial item date &lt; 1927</subfield></datafield><datafield tag="974" ind1=" " ind2=" "><subfield code="b">MIU</subfield><subfield code="c">MIU</subfield><subfield code="d">20210921</subfield><subfield code="s">google</subfield><subfield code="u">mdp.39015074638605</subfield><subfield code="z">v.23 1896 Apr-Sep</subfield><subfield code="y">1896</subfield><subfield code="r">pd</subfield><subfield code="q">bib</subfield><subfield code="t">US serial item date &lt; 1927</subfield></datafield><datafield tag="974" ind1=" " ind2=" "><subfield code="b">MIU</subfield><subfield code="c">MIU</subfield><subfield code="d">20210924</subfield><subfield code="s">google</subfield><subfield code="u">mdp.39015074638597</subfield><subfield code="z">v.24 1896-1897 Oct-Mar</subfield><subfield code="y">1897</subfield><subfield code="r">pd</subfield><subfield code="q">bib</subfield><subfield code="t">US serial item date &lt; 1927</subfield></datafield><datafield tag="974" ind1=" " ind2=" "><subfield code="b">MIU</subfield><subfield code="c">MIU</subfield><subfield code="d">20210925</subfield><subfield code="s">google</subfield><subfield code="u">mdp.39015074638589</subfield><subfield code="z">v.25 1897 Apr-Sep</subfield><subfield code="y">1897</subfield><subfield code="r">pd</subfield><subfield code="q">bib</subfield><subfield code="t">US serial item date &lt; 1927</subfield></datafield><datafield tag="974" ind1=" " ind2=" "><subfield code="b">MIU</subfield><subfield code="c">MIU</subfield><subfield code="d">20210921</subfield><subfield code="s">google</subfield><subfield code="u">mdp.39015074638571</subfield><subfield code="z">v.28 1898-1899 Oct-Mar</subfield><subfield code="y">1899</subfield><subfield code="r">pd</subfield><subfield code="q">bib</subfield><subfield code="t">US serial item date &lt; 1927</subfield></datafield><datafield tag="974" ind1=" " ind2=" "><subfield code="b">MIU</subfield><subfield code="c">MIU</subfield><subfield code="d">20220308</subfield><subfield code="s">google</subfield><subfield code="u">mdp.39015074638563</subfield><subfield code="z">v.29 1899 Apr-Sep</subfield><subfield code="y">1899</subfield><subfield code="r">pd</subfield><subfield code="q">bib</subfield><subfield code="t">US serial item date &lt; 1927</subfield></datafield><datafield tag="974" ind1=" " ind2=" "><subfield code="b">MIU</subfield><subfield code="c">MIU</subfield><subfield code="d">20220226</subfield><subfield code="s">google</subfield><subfield code="u">mdp.39015074638555</subfield><subfield code="z">v.36 1901-1902 Oct-Mar</subfield><subfield code="y">1902</subfield><subfield code="r">pd</subfield><subfield code="q">bib</subfield><subfield code="t">US serial item date &lt; 1927</subfield></datafield><datafield tag="974" ind1=" " ind2=" "><subfield code="b">MIU</subfield><subfield code="c">MIU</subfield><subfield code="d">20210925</subfield><subfield code="s">google</subfield><subfield code="u">mdp.39015074638506</subfield><subfield code="z">v.37 1903 Apr-Aug</subfield><subfield code="y">1903</subfield><subfield code="r">pd</subfield><subfield code="q">bib</subfield><subfield code="t">US serial item date &lt; 1927</subfield></datafield><datafield tag="974" ind1=" " ind2=" "><subfield code="b">MIU</subfield><subfield code="c">MIU</subfield><subfield code="d">20210929</subfield><subfield code="s">google</subfield><subfield code="u">mdp.39015074638548</subfield><subfield code="z">v.40 1903-1904 Sep-Feb</subfield><subfield code="y">1904</subfield><subfield code="r">pd</subfield><subfield code="q">bib</subfield><subfield code="t">US serial item date &lt; 1927</subfield></datafield><datafield tag="974" ind1=" " ind2=" "><subfield code="b">MIU</subfield><subfield code="c">MIU</subfield><subfield code="d">20220312</subfield><subfield code="s">google</subfield><subfield code="u">mdp.39015074629646</subfield><subfield code="z">v.43 1906 Mar-Aug</subfield><subfield code="y">1906</subfield><subfield code="r">pd</subfield><subfield code="q">bib</subfield><subfield code="t">US serial item date &lt; 1927</subfield></datafield><datafield tag="974" ind1=" " ind2=" "><subfield code="b">MIU</subfield><subfield code="c">MIU</subfield><subfield code="d">20210925</subfield><subfield code="s">google</subfield><subfield code="u">mdp.39015080021713</subfield><subfield code="z">v.8 1887-1888 Oct-Jul</subfield><subfield code="y">1888</subfield><subfield code="r">pd</subfield><subfield code="q">bib</subfield><subfield code="t">US serial item date &lt; 1927</subfield></datafield></record>